1987 3262
658 145 965 188 EDITIONIS
998 144 1267 185 ALDINAE.

210 263 300 298 344,
310 264 323 288 1
333 266 369 290 0.
380 253 582 299 τελευταῖον]
594 250 736 295 ”Αλλως.
753 257 941 290 τελευταῖον

210 315 300 352 345,
320 318 379 342 10.
401 307 602 353 αἰνίττεται]
633 309 742 341 πολλὰ
765 307 819 342 καὶ
839 308 938 347 δεινὰ,

262 361 445 394 αἰνίττεται

210 419 301 458 347,
317 423 353 447 2.
374 415 531 458 μάλιστα
551 417 635 459 post
655 414 820 457 δυνάμενον

209 473 301 510 347,
317 463 353 500 8.
374 467 532 512 φαίνηται
552 466 612 512 φ.]
634 471 673 513 φ.
691 466 848 512 φαίνηται

211 525 301 562 347,
322 528 378 562 13.
400 518 466 563 οἵα]
490 515 542 552 οἶά

212 578 303 615 347,
323 570 380 604 16.
400 569 508 615 τοῦτο]
531 573 584 611 Εἷς
602 571 638 605 τὸ
657 570 747 604 αὐτό.
785 574 874 604 τοῦτο

210 632 231 666 3
241 633 302 668 51,
319 630 381 668 25.
401 624 570 669 πειρᾶσθε]
595 626 770 669 πειρᾶσθαι

212 683 261 721 35
274 685 304 716 1,
319 674 381 710 26.
403 676 656 722 ἀπολειφθῆναι]
680 676 905 722 ἀποληφθῆναι

213 734 304 774 352,
322 739 356 763 2.
377 727 472 773 οὕτω]
497 729 590 769 οὕτως

211 788 304 827 355,
319 791 356 824 4.
379 783 406 815 εἰ
425 792 499 815 om.

265 833 454 878 πατημένως

212 894 304 932 355,
323 897 381 932 13.
407 885 600 931 ἀπαίτησις]
631 885 807 932 Sequitur
833 884 943 920 scho—

265 937 342 973 lion
369 937 536 984 superius
562 939 616 985 (p.
634 949 725 985 354,
746 948 795 983 24
808 946 942 985 —355‚

267 990 323 1036 8),
345 990 538 1038 praemisso
551 989 690 1031 Ἄλλως.

213 1051 304 1090 355,
321 1055 383 1078 22.
405 1041 539 1087 ηὔξησεν
558 1047 594 1078 ἐκ
614 1044 686 1088 τῆς]
710 1040 829 1086 ηὔξησε
847 1044 903 1085 τῆς

214 1095 306 1142 356,
324 1106 359 1141 7.
377 1098 433 1139 τῆς
453 1108 526 1131 om.
602 1096 691 1142 356,
713 1107 770 1131 12.
793 1096 847 1130 καὶ
868 1107 942 1130 om.

212 1157 304 1195 357,
322 1159 356 1195 7.
377 1149 521 1195 μετέβη]
538 1146 679 1188 ἸΑλλως.
712 1148 836 1193 μετέβη

214 1201 304 1246 361,
326 1213 384 1247 23.
415 1202 538 1248 ἰσχυροί
568 1204 630 1237 εἰσ-ι
663 1204 718 1236 καὶ
749 1213 826 1238 om.
860 1205 946 1247 post

597 778 847 825 ἐξηπατημένος]
871 777 943 822 ἐξη-

265 1255 499 1301 προακοῦσωσιν

213 1305 304 1351 362,
318 1316 356 1351 4.
378 1307 434 1341 ὑπὸ
454 1307 511 1353 φ.]
535 1304 583 1340 ’ὅτι
604 1306 659 1340 ὑπὸ
680 1311 719 1351 φ.

216 1358 306 1404 363,
321 1371 358 1407 9.
379 1359 433 1404 τὸ]
456 1359 564 1393 τὸτοῦ
620 1358 710 1404 364,
730 1369 788 1393 12.
809 1362 854 1403 τῷ
870 1370 944 1392 om.

214 1410 304 1457 366,
321 1423 357 1458 3.
378 1411 558 1457 πυθόμενοι]
583 1411 756 1456 πειθόμενοι

210 1462 305 1509 368,
323 1465 356 1500 8.
378 1464 509 1510 ἐνάτην]
536 1466 667 1507 ἐννάτην

213 1516 305 1561 368,
326 1528 382 1552 ιο.
403 1519 430 1551 οἱ
449 1528 524 1551 om.

215 1569 306 1616 369,
326 1581 359 1606 1.
380 1569 561 1616 ἐπειδήπερ]
586 1570 691 1612 ἐπειδὴ

215 1622 307 1670 369,
323 1633 358 1658 2.
379 1621 465 1668 ἕνην]
491 1620 558 1666 ἕνην
656 1631 744 1668 370,
762 1633 797 1667 3.
819 1623 888 1669 τὸν]
912 1623 948 1658 τὸ

214 1683 306 1723 371,
332 1686 368 1721 3.
416 1674 617 1710 ἀπόλλυνται
667 1675 788 1721 πόλεις]
845 1676 949 1716 πόλεις

270 1727 472 1762 ἀπόλλυνται

215 1788 307 1827 372,
327 1787 363 1827 5.
393 1778 471 1813 ’όταν
504 1779 624 1826 ὥσπερ]
663 1778 766 1827 ὅσπερ
794 1779 872 1814 ὅταν
898 1779 948 1816 V.

270 1837 308 1868 et
329 1832 378 1877 (?)
395 1831 490 1867 T.C.

217 1893 310 1932 373,
324 1896 363 1930 4·
384 1884 402 1928 ἡ
423 1897 496 1920 om·

216 1948 308 1984 374,
326 1948 345 1982 3
358 1949 388 1972 1.
408 1937 679 1983 Ἀλκμαιωνιδῶν]
704 1938 935 1983 ὰλκμαιονιδῶν

217 1991 308 2036 378,
329 1990 362 2025 8.
389 1990 542 2036 ἀντιστ.]
571 1987 711 2030 ”Αλλως.
749 1987 808 2024 ’Ὰν
838 1990 946 2024 τοίνυν.

271 2046 346 2078 ἀντ.

217 2095 308 2143 378,
327 2095 388 2131 26.
410 2095 462 2140 ἐκ]
487 2095 538 2129 ἐπὶ

217 2147 308 2194 380,
330 2159 386 2183 11.
408 2147 628 2195 παραγραφὴ]
650 2148 762 2194 γραφὴ

218 2200 309 2246 380,
326 2212 386 2246 24.
407 2203 469 2234 τῶν
490 2200 619 2245 ἐκείνου]
642 2204 704 2234 τῶν
724 2211 798 2234 om.

217 2253 308 2299 382,
326 2262 361 2299 7.
381 2255 438 2295 τῆς
456 2253 512 2300 φ.]
538 2256 600 2286 τῶν
619 2257 656 2299 φ.

218 2306 309 2351 384,
329 2317 358 2340 I.
379 2305 454 2349 ὑπὲρ
473 2309 528 2340 τοῦ
548 2304 623 2349 στ.]
646 2305 712 2351 περὶ
733 2319 790 2339 στ.

219 2358 308 2403 386,
325 2369 362 2404 4.
383 2358 478 2402 οὕτω]
501 2359 596 2397 οὕτως

218 2410 309 2457 387,
324 2422 361 2457 3.
382 2409 622 2455 ἀποδείκνυμεν]
645 2411 882 2455 ἀποδεικνύομεν

218 2462 308 2509 387,
330 2475 385 2510 19.
406 2463 514 2508 μισεῖ]
538 2466 645 2507 μισεῖν

219 2515 311 2560 388,
327 2515 364 2550 6.
384 2515 531 2560 Φωκέων]
555 2518 616 2548 τῶν
635 2514 763 2561 φωκέων
778 2513 826 2549 V.

218 2566 309 2611 388,
324 2578 388 2603 20.
409 2565 661 2611 ἐξηπατημένος]
685 2566 885 2611 ’ἦπατημένος

218 2620 310 2668 389.
325 2632 361 2667 9.
383 2619 463 2665 μέθη
483 2619 538 2653 καὶ
558 2630 632 2653 0111.
713 2619 768 2653 καὶ
788 2620 870 2665 ἀβ.]
894 2619 950 2654 καὶ

272 2673 290 2716 ἡ
309 2674 369 2715 ἀβ.

219 2725 310 2772 389,
330 2732 388 2771 15.
408 2726 462 2757 τοῦ
483 2734 554 2758 om.

220 2788 310 2824 390,
332 2788 365 2811 2.
393 2775 547 2818 ἐβουλήθη
570 2776 585 2809 ὅ
604 2775 772 2821 Αἷσχίνης]
802 2776 951 2819 αι’σχίνης

274 2828 428 2871 ἐβουλήθη

222 2893 311 2930 390,
327 2880 364 2917 6.
385 2880 543 2928 ἀργύριον]
567 2882 703 2927 ἀργύρια

1637 146 1720 185 825

992 264 1082 300 390,
1099 264 1135 299 9.
1155 252 1395 301 Ἀμφικτύονα]
1425 250 1633 300 ἀμφικτυᾶνα
1660 250 1721 285 hic

1045 310 1083 340 et
1102 305 1187 340 alibi

991 368 1082 405 390,
1099 358 1160 393 28.
1181 354 1262 393 εἶναι
1282 357 1420 403 ἁπλοῦν]
1445 360 1567 391 ἁπλοῦν
1587 353 1667 391 εἶναι

993 409 1292 458 393,1.ἕδειο111.
1342 421 1432 457 393,
1446 419 1479 455 7.
1496 410 1614 455 τούτῳ]
1633 413 1725 444 τοῦτο

993 474 1082 509 393,
1098 474 1159 498 22.
1179 460 1371 510 προάξεται]
1393 459 1593 509 προσάξεται

993 526 1084 563 394,
1101 515 1161 550 26.
1183 514 1283 560 ὑμτῖῗν]
1306 515 1392 559 ἡμῶν

994 578 1083 615 395,
1105 581 1133 603 1.
1154 567 1280 614 μικροῦ]
1304 571 1412 614 μικροῦ
1432 567 1464 602 δὲ

993 621 1084 668 396,
1099 632 1135 667 3.
1155 623 1218 667 γὰρ
1239 632 1314 655 om.

993 685 1086 721 397,
1103 674 1138 709 8.
1160 673 1228 708 τάδε
1247 672 1396 718 ποιῆσαι]
1421 674 1551 714 ποιῆσαι
1571 670 1641 706 τάδε

995 737 1084 774 397,
1106 737 1162 761 10.
1181 726 1217 760 τὸ
1237 726 1346 766 εὐθέως
1364 729 1450 771 post
1468 724 1655 772 πρόσκειται

994 787 1085 825 397,
1105 790 1160 814 12.
1181 778 1236 812 καὶ
1257 780 1363 821 ἰσάζει
1384 790 1457 812 om.

995 832 1086 878 398,
1103 842 1137 866 2.
1158 830 1374 875 σιτοπομπία]
1399 830 1614 874 σιτοπομπεία

995 896 1087 929 400,
1107 895 1165 929 14.
1185 882 1365 930 τό-ὅπερ]
1389 883 1425 918 τὸ
1445 880 1638 929 δὲ-ιῖἷσπερ

996 948 1086 982 402,
1105 937 1164 972 26.
1185 936 1286 982 ὑμεῖς]
1310 936 1395 981 ἡμᾶς
1482 938 1525 975 εἷς
1544 946 1618 969 0111.

997 1001 1086 1036 403,
1101 1001 1138 1036 9.
1160 990 1310 1034 Αἰσχίνης
1329 988 1388 1035 ψ.]
1412 987 1543 1033 αι’σχίνῃ
1563 993 1602 1034 φ.

997 1053 1088 1088 404,
1104 1049 1138 1089 5
1158 1040 1239 1081 τινὲς
1258 1041 1353 1086 οὕτω]
1378 1042 1456 1075 οὕτω
1476 1040 1557 1080 τινές

997 1095 1088 1140 406,
1108 1106 1167 1130 10.
1189 1094 1373 1140 ἐρρύσαντο]
1396 1096 1549 1139 ἐρύσαντο

996 1147 1087 1192 406,
1105 1158 1166 1182 22.
1189 1150 1216 1181 εἰ
1235 1158 1309 1181 om.

996 1210 1089 1246 407,
1109 1199 1166 1234 16.
1188 1198 1317 1243 ταῦτα]
1342 1199 1434 1233 ταῦθ’

996 1252 1089 1298 408,
1107 1262 1141 1298 7.
1164 1249 1314 1296 ἔπεισαν]
1340 1249 1498 1284 ἔσπεισαν

996 1316 1088 1351 409,
1105 1316 1140 1339 2.
1161 1304 1271 1349 πλεῖν]
1295 1303 1377 1344 πλὴν

997 1368 1088 1401 410,
1108 1368 1170 1392 20.
1192 1355 1333 1401 πέλλας]
1357 1354 1461 1394 πέλας

996 1421 1086 1455 410,
1105 1421 1166 1456 13.
1188 1408 1273 1443 Hoc
1292 1407 1460 1443 scholion
1480 1411 1566 1453 post
1586 1419 1622 1454 p.
1637 1417 1729 1452 410,

1056 1462 1116 1498 28.
1156 1462 1252 1497 Tum
1284 1460 1450 1507 sequitur
1483 1459 1651 1495 scholion
1685 1459 1732 1494 ad

1051 1528 1088 1562 p.
1112 1527 1202 1562 390,
1220 1526 1256 1550 2.

997 1579 1090 1614 410,
1109 1569 1169 1603 26.
1199 1565 1387 1614 ὑπεξαιρῶν]
1420 1563 1590 1612 ὑπεξαίρων
1608 1565 1653 1600 V.
1683 1570 1731 1606 et,

1053 1627 1094 1656 ut
1113 1621 1272 1661 videtur,
1293 1619 1451 1654 codices.

998 1684 1091 1721 415,
1112 1685 1142 1709 1.
1181 1673 1267 1708 Hoc
1305 1671 1472 1707 scholion
1506 1669 1734 1718 praecedenti

1052 1726 1249 1773 praeponit.

998 1789 1089 1825 415,
1104 1789 1142 1823 4.
1163 1779 1292 1824 ὀλίγων]
1317 1780 1420 1824 ὀλίγον

998 1838 1089 1878 415,
1105 1838 1141 1878 5.
1164 1831 1348 1876 ἐψεύσατο]
1372 1833 1425 1865 οὐκ
1444 1831 1612 1872 ἐψεύσατο

998 1895 1090 1930 415,
1111 1895 1171 1919 20.
1193 1884 1346 1930 ἐγκαλεῖ]
1372 1886 1501 1930 ἐγκαλῇ

997 1947 1087 1984 419,
1105 1936 1142 1971 6.
1165 1935 1327 1981 τέθειται]
1350 1935 1484 1978 τέθηται

999 2000 1088 2034 421,
1105 1989 1167 2024 26.
1189 1989 1312 2036 φασιν]
1337 1994 1436 2036 φησιν

997 2052 1089 2086 422,
1108 2051 1167 2088 15.
1188 2040 1373 2086 δεδοικέναι]
1393 2037 1506 2075 δέδοικε

998 2104 1089 2138 422,
1107 2104 1168 2140 17.
1189 2093 1360 2128 Alterum
1381 2093 1436 2127 καὶ
1456 2104 1529 2128 om.

998 2157 1088 2192 423,
1109 2147 1167 2182 18.
1189 2145 1353 2194 ἔμφασιν]
1379 2145 1521 2194 ἕκφασιν

999 2209 1090 2245 424,
1103 2210 1141 2245 4.
1164 2196 1265 2244 εἶχεν]
1289 2195 1373 2233 εἶπεν

998 2261 1090 2298 424,
1109 2251 1170 2287 16.
1191 2251 1343 2297 οἰομένην]
1361 2250 1496 2295 οἰομένης

999 2312 1090 2351 425,
1107 2303 1277 2339 26-28,
1316 2303 1402 2338 Hoc
1440 2302 1608 2337 scholion
1645 2306 1733 2348 post

1052 2370 1090 2404 p.
1106 2365 1199 2404 425,
1216 2368 1254 2403 3.
1275 2356 1403 2391 habet.

998 2410 1088 2454 426,
1105 2409 1166 2444 26.
1200 2407 1452 2454 κατασκευάζῃ]
1489 2408 1733 2451 κατασκευάζει

1055 2461 1135 2507 (Sic
1156 2461 1269 2497 etiam
1285 2460 1392 2496 codd.
1412 2458 1569 2494 Correxi
1585 2458 1729 2504 tacite.)

999 2514 1090 2560 428,
1107 2523 1170 2560 25.
1189 2512 1430 2560 πληρώσας-]
1456 2511 1541 2546 Hoc
1562 2511 1731 2546 scholion

1051 2567 1166 2602 habet
1184 2570 1271 2612 post
1289 2578 1325 2612 p.
1343 2575 1434 2610 429,
1451 2575 1514 2609 23.

998 2629 1089 2664 431,
1103 2630 1168 2664 30.
1189 2617 1399 2665 ὑπεστόρεσε]
1424 2615 1636 2662 ὑπεστόρευσε

999 2682 1047 2716 43
1058 2683 1090 2714 2,
1110 2670 1170 2706 16.
1191 2668 1420 2715 φευδομανίας]
1443 2669 1649 2713 ψευδομενίας

999 2733 1046 2768 43
1053 2734 1090 2768 3,
1110 2723 1172 2758 28.
1212 2720 1378 2767 ’ίσ-μεν--]
1432 2720 1515 2755 Hoc
1563 2719 1731 2755 scholion

1053 2780 1139 2821 POSt
1158 2787 1195 2821 P·
1212 2784 1303 2819 434³
1322 2784 1380 2819 13.

999 2838 1090 2873 434,
1105 2839 1141 2863 2.
1158 2825 1434 2871 θαυμαστότεροι]
1452 2826 1729 2871 θαυμαστώτεροι.

998 2890 1088 2926 443,
1107 2891 1141 2915 1.
1162 2877 1368 2924 ἀπολόμενον]
1391 2876 1603 2922 ἀπολλόμενος

1066 2955 1181 2990 3ιι2
