1987 3262
341 160 426 199 824

343 270 434 311 255,
452 273 467 298 1
478 289 486 297 .
507 262 591 310 περὶ]
615 260 689 307 ὑπὲρ

345 322 432 363 255,
451 326 487 351 2.
508 313 726 359 Δημοσθένης]
747 313 760 347 ὅ
781 311 970 357 ὃημοσθένης

345 377 433 415 255,
451 378 488 413 3·
512 366 561 412 δὲ]
584 369 647 413 ’γὰρ

346 427 434 468 255,
453 431 491 467 9·
512 420 567 453 καὶ
586 434 620 453 π·
640 418 703 464 μὴ]
728 433 762 452 π·
783 417 848 464 ’γὰρ
866 415 912 461 μὴ

346 479 434 521 255,
453 482 514 517 24.
529 467 986 519 Ἀριστοφάνει-Πλάτωνι]
1004 470 1071 513 ἀρι-

397 526 556 572 στοφάνει
589 522 808 567 ὑπειλημμένῳ
839 522 1074 564 συναττικιζειν

396 581 442 622 τῷ
461 578 607 611 πλάτωνι

347 628 436 675 256,
451 628 488 664 6.
510 626 590 673 ἔχων
609 639 684 662 om.
748 625 836 673 256,
856 624 890 660 8.
911 629 980 665 τοὺς
997 636 1071 659 om.

347 680 436 728 256,
454 692 515 716 10.
536 679 782 727 γεγραμμένων]
808 678 1021 725 γεγενημένων

399 733 510 779 σώζει]
534 735 645 777 σώζειν
732 731 769 766 τὸ
790 732 1072 775 σχῆμα-κατα-

399 788 566 830 σκευάζειν
585 796 660 819 om.

349 837 437 884 256,
456 847 516 882 14.
537 839 625 872 τοῦδε
646 848 721 871 om.

399 890 522 936 ζόμενος

349 941 436 989 256,
455 953 514 989 19.
541 941 596 976 καὶ
625 940 661 975 τὸ
690 940 744 975 τὸν
766 937 988 986 Ἀλέξανδρον]
1021 939 1075 972 καὶ

399 998 454 1029 τοῦ
482 991 671 1040 ἀλεξάνδρον
775 991 1072 1037 καταπεπλῆχθαι]

399 1048 639 1091 καταπλῆχθαι

352 1097 440 1146 256,
460 1110 521 1145 23.
541 1095 579 1144 ως]
604 1093 625 1132 ω’ς
645 1097 749 1145 ἄνδρες

351 1159 438 1199 257,
462 1162 492 1186 1.
513 1151 678 1198 τυγχάνῃ]
703 1151 858 1196 τυγχάνει

349 1212 438 1250 257,
458 1211 494 1250 5.
516 1202 708 1251 ἐλευθεροῦν]
730 1203 909 1249 ἠλευθεροῧν
932 1199 1016 1246 (Sic)

351 1263 439 1302 257,
461 1256 494 1291 8.
514 1260 626 1290 ταῦτα
646 1268 720 1291 om.

353 1318 440 1355 257,
458 1319 518 1353 13.
539 1306 605 1353 οὖν]
626 1306 674 1343 οὖν
689 1311 720 1342 οὐ

353 1369 441 1408 257,
460 1360 520 1396 18.
541 1364 602 1394 τῶν
628 1365 668 1395 Π.
693 1361 744 1395 τὸν
769 1358 879 1404 δῆμον]
908 1358 959 1393 τὸν
987 1359 1079 1403 δῆμον

403 1417 466 1447 τῶν
494 1428 528 1447 π.
569 1411 631 1448 Sic
660 1412 772 1448 etiam
802 1411 846 1446 C.
964 1409 1080 1449 πόλεως

405 1477 480 1499 om.
505 1476 590 1500 cum
611 1464 653 1500 C.

352 1526 442 1564 257,
459 1528 519 1564 19.
539 1517 703 1564 Χαίρωνα]
726 1517 847 1563 χέρωνα

355 1579 442 1616 257,
463 1581 523 1604 21.
544 1570 699 1615 τέθεικεν]
722 1571 852 1611 τέθηκεν

354 1629 443 1669 257,
461 1633 522 1657 22.
543 1621 734 1667 ἐμμένομεν]
756 1619 939 1666 ἐμμένωμεν

356 1681 443 1721 257,
466 1685 525 1721 24.
547 1674 600 1709 καὶ
620 1673 732 1720 ἑτέρᾳ]
756 1672 895 1719 ἑκατέρᾳ
914 1683 998 1706 cum
1019 1669 1063 1706 C.

355 1727 443 1774 258,
463 1738 493 1761 1.
516 1727 665 1774 φυλακῇ]
689 1729 776 1773 φυλῇ

355 1778 443 1825 258,
461 1786 497 1825 5.
519 1780 677 1824 Σικυῶνα]
702 1782 836 1813 σικιῶνα

355 1831 444 1877 258,
464 1841 523 1874 14.
545 1831 747 1876 ἐπαύσαντο]
771 1832 941 1864 ἐπαύσατο

357 1883 445 1930 258,
465 1882 524 1918 16.
544 1886 577 1917 ἀ.
599 1881 671 1929 ἤδη]
694 1881 748 1925 ἤδη
769 1885 801 1915 ἀ.

356 1935 445 1982 258,
464 1946 527 1970 21.
549 1938 591 1975 εἷς
609 1936 661 1969 τὀν
682 1938 819 1982 Πειραιᾶ
838 1945 912 1967 om.

357 1999 444 2035 259³
464 1998 497 2033 7·
517 1987 640 2034 τριήρη]
663 1987 785 2033 τριήρην

358 2040 446 2080 261,
466 2051 526 2085 24.
546 2040 652 2086 μόνον]
677 2039 767 2084 μόνου

359 2092 446 2134 262,
467 2103 479 2126 I
494 2103 525 2126 1.
547 2094 740 2139 παρακύψαι
760 2096 845 2138 post
865 2089 1064 2136 δικαστήριον

357 2144 446 2185 262,
465 2155 524 2180 12.
547 2144 751 2191 ἐπιτρέπητε]
777 2143 986 2189 ἐπιτρέπηται

359 2196 447 2237 262,
467 2207 524 2244 19.
545 2196 782 2242 μεταχείρισις]
805 2194 1036 2240 μεταχεῖρησις

795 833 985 880 σωζόμενον]
1009 849 1074 868 σω-

360 2250 448 2296 265,
468 2257 524 2295 17.
546 2249 710 2293 ἀπιστῶν]
733 2251 862 2282 ἀπιστῶ

359 2301 448 2346 265,
469 2312 528 2335 20.
549 2297 615 2334 εἶπε
637 2313 709 2334 om.

361 2353 450 2400 269,
470 2352 503 2388 8.
524 2353 617 2391 οὕτως
636 2354 649 2386 ὃ
670 2351 750 2397 νοῦς]
774 2353 787 2386 ὂ
806 2355 869 2391 νοῦς
888 2353 1022 2389 τοιοῦτος

361 2405 526 2451 269,11.
547 2407 601 2438 τοῦ
621 2403 670 2449 δὲ]
693 2403 725 2437 δὲ
747 2415 820 2437 om.

362 2466 449 2502 271,
470 2466 529 2500 24.
550 2456 654 2501 τύπῳ]
678 2454 762 2499 τόπῳ

362 2519 449 2555 272,
470 2519 504 2543 2.
524 2523 579 2555 περ
600 2520 674 2543 om.
702 2519 786 2542 cum
808 2506 851 2541 C.

363 2571 450 2606 273,
468 2571 530 2606 23.
551 2560 694 2605 πάντων]
717 2562 868 2594 ἁπάντων

363 2623 448 2659 274,
465 2613 501 2647 6.
524 2617 593 2647 λῦον
612 2613 646 2647 τὸ
667 2611 818 2659 ἔγκλημα
837 2623 910 2647 om.

363 2676 449 2712 274,
467 2676 504 2713 9.
526 2665 560 2699 τὸ
581 2676 653 2699 om.
768 2673 854 2712 275,
872 2664 933 2700 26.
953 2675 991 2706 ’γε
1012 2670 1086 2693 om.

363 2726 451 2763 277,
468 2725 504 2763 5.
524 2717 654 2762 οἰκείως]
678 2720 793 2752 οἷκειῶν

362 2779 407 2814 27
418 2778 450 2816 7,
469 2781 484 2803 1
497 2780 511 2803 1
522 2797 530 2804 .
550 2770 672 2815 αὐτῶν]
698 2770 794 2804 αὐτὸν

362 2820 431 2856 281
443 2848 450 2861 ,
464 2832 501 2866 3.
519 2822 734 2868 ἀπολώλει-τε]
760 2821 996 2856 ἀπολωλεκέναι

414 2873 587 2920 διαφθορὰ]
612 2875 750 2921 διαφορὰ

931 152 1261 195 LEOTIONES

1124 256 1211 301 284,
1224 267 1260 303 3.
1276 255 1445 302 Αἷσχίνης]
1469 256 1483 290 ὅ
1501 255 1647 300 αι’σχίνης
1700 255 1760 301 μὲν
1774 266 1850 291 om.

1123 308 1214 351 286,
1231 320 1266 344 2.
1287 309 1318 344 δὲ
1339 320 1411 343 om.

1126 361 1214 402 286,
1228 372 1292 407 33.
1311 361 1516 408 τάλλότριον]
1540 361 1576 396 τὸ
1596 360 1764 407 ἀλλότριον

1125 412 1214 456 286,
1229 424 1294 460 34.
1316 413 1370 459 τὸ]
1395 418 1439 458 τῷ

1127 466 1213 512 287,
1227 476 1262 502 2.
1282 469 1336 501 οὐκ
1355 464 1512 511 ἀνιῶμαι]
1535 467 1566 500 οὗ
1581 467 1740 510 κᾴνιῶμαι

1178 518 1371 564 ἐπιστήσῃς]
1394 518 1578 565 ἀπιστήσῃς

1127 571 1215 616 287,
1232 581 1291 616 23.
1312 574 1375 610 τοῖς
1395 582 1467 605 om.

1129 622 1216 668 287,
1235 622 1294 657 26.
1315 623 1462 670 εὐχερῶς]
1490 625 1626 663 εὐπετῶς
1649 621 1696 656 ὅτι
1719 618 1759 656 ἂν
1777 621 1854 665 βου-

1180 677 1275 722 ληθῇς

1129 738 1217 774 291,
1238 736 1297 774 17.
1319 727 1442 773 σιωπῶ]
1467 730 1569 773 σιωπῇ

1130 790 1264 828 292,2.
1285 779 1333 814 ὅτι
1355 791 1428 814 om.
1488 788 1648 827 292‚27.
1665 777 1803 823 μονονοὺ]
1822 780 1856 812 οὖ

1129 843 1218 881 293,
1237 842 1297 879 17.
1320 831 1590 879 ὅσπερ-αὖτοὺς
1608 843 1682 866 om.

1132 895 1218 932 293,
1240 895 1298 919 20.
1331 885 1580 932 συγχωροῦντες]
1615 887 1858 930 συγχωροῦντας

1182 937 1268 983 ημᾶς
1286 949 1358 972 om.

1132 1000 1220 1037 294,
1238 1001 1297 1024 20.
1319 988 1469 1035 διέβαλε]
1492 989 1665 1032 διέβαλλεν

1132 1053 1218 1090 294,
1235 1052 1297 1086 23.
1319 1042 1380 1088 τῷ]
1405 1043 1441 1076 τὸ

1133 1106 1220 1143 295,
1235 1105 1270 1140 3.
1290 1095 1404 1140 δηλῶν]
1430 1093 1604 1140 Sequitur
1624 1091 1793 1128 scholion
1811 1090 1861 1126 de

1182 1146 1409 1182 Themisone
1429 1146 1476 1181 ad
1494 1158 1530 1193 p.
1547 1157 1634 1194 259,
1654 1156 1713 1180 10.

1131 1199 1221 1247 296,
1242 1211 1301 1244 14.
1323 1197 1534 1246 ἐξηνέγκατε]
1559 1197 1750 1243 ἐξενέγκατε

1132 1252 1220 1299 296,
1241 1251 1298 1287 16.
1320 1252 1384 1297 τις]
1406 1267 1441 1286 τε
1547 1250 1634 1297 296,
1650 1249 1685 1285 8.
1707 1250 1762 1283 καὶ
1782 1260 1857 1284 om.

1133 1314 1220 1352 297,
1236 1304 1273 1340 6.
1294 1304 1490 1350 συμβούλου]
1515 1304 1678 1349 συμβόλου

1135 1366 1221 1404 297,
1241 1368 1298 1391 10.
1317 1356 1376 1402 μὲν
1396 1368 1470 1390 om.

1133 1419 1222 1457 297,
1238 1408 1300 1443 26.
1320 1410 1366 1443 τὰ
1387 1409 1430 1455 8.]
1455 1408 1490 1442 τὸ
1511 1409 1536 1443 δ.

1135 1472 1223 1508 299,
1238 1472 1275 1506 4.
1300 1462 1456 1508 Πειραιᾶ]
1482 1463 1590 1507 πειρεᾶ

1134 1525 1222 1562 299,
1236 1514 1275 1549 6.
1296 1516 1327 1547 ἐν
1340 1518 1384 1557 τῷ
1401 1513 1562 1560 Πειραιεῖ]
1584 1515 1615 1546 ἐν
1628 1517 1760 1558 πειραιᾷ
1773 1509 1859 1555 (Sic)

1137 1577 1224 1613 299,
1239 1576 1276 1612 9.
1298 1566 1350 1600 τὸν
1368 1565 1442 1611 τῆς]
1464 1566 1517 1600 τὸν
1536 1577 1609 1599 om.
1683 1561 1857 1608 ἐξέβαλον]

1187 1616 1364 1661 ἐξέβαλλον

1133 1681 1225 1715 301,
1243 1681 1303 1704 12.
1326 1671 1459 1717 ἐπάγει]
1483 1670 1601 1714 ἐπείγει

1134 1733 1296 1769 302,20.
1317 1722 1349 1756 δὲ
1366 1735 1440 1757 om.
1491 1718 1754 1768 ’τῷ-εἰρημένῳ]
1772 1718 1863 1753 τὸ·-

1187 1774 1340 1819 εἰρημένον

1135 1838 1225 1872 302,
1241 1826 1301 1861 26.
1323 1827 1468 1872 σκοποίη]
1494 1828 1624 1872 σκοπείῃ

1136 1890 1226 1925 303,
1247 1890 1277 1914 1.
1298 1878 1571 1926 παρακρούεσθαι]
1592 1876 1845 1925 παρακρίνεσθαι

1137 1942 1226 1977 303,
1249 1932 1378 1977 ¹¹·332]
1402 1931 1434 1966 δὲ

1137 1995 1227 2030 303,
1248 1994 1306 2028 13.
1327 1984 1506 2030 ἐλλέβορος]
1530 1982 1673 2028 ἐλέβορος

1137 2047 1228 2082 303,
1246 2047 1307 2083 19.
1328 2036 1482 2082 ἀντιθεὶς]
1502 2035 1674 2075 ἀντιτιθεὶς

1137 2099 1227 2135 303,
1244 2099 1306 2134 23.
1327 2089 1393 2134 δεῖ]
1419 2089 1454 2131 ’δὴ

1137 2152 1227 2187 303,
1246 2151 1307 2186 24.
1329 2141 1416 2188 εὕρῃ]
1441 2142 1516 2187 εὕροι

1139 2203 1228 2240 304,
1247 2204 1305 2228 12.
1327 2192 1414 2240 ε’ίπῃ]
1440 2191 1515 2227 ε’ίποι

1137 2245 1229 2292 306,
1250 2256 1308 2290 13.
1328 2243 1536 2292 προξενήσας]
1560 2241 1742 2291 προξενίσας

1139 2298 1229 2344 308,
1247 2309 1306 2332 21.
1327 2297 1444 2345 φύσει]
1466 2298 1566 2344 φήσει

1139 2350 1230 2396 308,
1249 2360 1308 2396 25.
1329 2350 1518 2396 ἐμπρήσειν]
1543 2349 1696 2395 ἐμπρήσει

1141 2413 1230 2448 310,
1249 2402 1308 2437 16.
1329 2402 1384 2436 καὶ
1405 2413 1476 2436 om.

1139 2464 1230 2500 334,
1252 2463 1309 2496 14.
1332 2454 1466 2499 σπουδὴ]
1491 2453 1606 2499 σπουδῇ

1140 2516 1230 2552 337,
1248 2516 1309 2551 23.
1329 2505 1516 2552 προῄρηται]
1540 2505 1715 2551 προείρηται

1139 2569 1230 2604 337,
1245 2568 1308 2602 30.
1332 2558 1416 2592 Hoc
1436 2557 1604 2592 scholion
1619 2561 1705 2592 ante
1720 2564 1810 2604 337,
1825 2566 1863 2602 9.

1140 2622 1228 2658 340,
1249 2618 1306 2658 17.
1328 2613 1383 2652 τῆς
1402 2622 1476 2645 om.
1596 2620 1686 2656 341,
1706 2620 1764 2643 10.
1786 2607 1827 2654 ᾧ]
1847 2604 1866 2641 ’ὃ

1140 2674 1229 2710 342,
1248 2674 1281 2698 2.
1304 2662 1449 2708 Φωκέων]
1473 2661 1602 2710 φωκέας

1140 2725 1281 2762 343‚5·
1302 2715 1394 2762 παρ’]
1418 2718 1482 2761 ’γὰρ

1139 2779 1229 2814 343,
1246 2766 1281 2802 8.
1303 2767 1503 2812 συμβουλὴν]
1527 2765 1693 2809 συμβολὴν

1138 2831 1229 2866 343,
1247 2830 1307 2865 23.
1329 2819 1471 2865 ἐνέδωκε]
1495 2818 1628 2853 ἀνέδωκε

1139 2882 1227 2919 343,
1245 2882 1305 2917 24.
1326 2870 1496 2916 ἀνάλωσε]
1518 2871 1666 2913 ἦνάλωσε
