1987 3262
702 153 898 193 INDEX
933 152 1206 193 GRAEGUS.

194 263 208 296 ο·
237 258 404 306 Θεολόγος,
424 260 446 294 i.
467 272 498 294 e.
522 259 729 308 Gregorius
760 259 924 295 Nazian-

249 324 376 352 zenus,
404 322 466 358 74,
486 312 545 347 18.
583 313 667 353 168,
692 323 725 358 7.
759 313 926 359 264,13.

249 376 339 410 430,
356 377 419 413 29.
449 365 617 412 480,15.
651 366 738 412 761,
758 377 817 400 10.

194 422 252 463 γρῦ
274 418 364 463 360,
387 430 441 453 12.

196 472 312 510 Γύλων,
353 473 479 510 πάππος
521 470 745 516 Δημοσθένους,
781 469 840 512 18,
867 470 925 506 18.

252 533 315 566 23,
332 532 364 568 7.

194 577 364 620 γυμνάζειν
386 585 527 613 212,1.
558 575 645 615 218,
663 586 724 611 22.
761 583 849 621 252,
869 585 926 609 11.

194 629 367 673 γυμνάζειν
386 626 477 672 λόγον
497 625 532 667 ἐξ
551 629 742 668 ἀντιθέσεως
762 639 798 672 4,
819 639 876 674 19.

194 681 366 726 γυμνάζειν
395 681 440 713 τὰ
469 683 530 713 τῶν
557 682 656 727 φόνων
681 680 702 716 i.
724 693 760 727 q.
793 682 930 724 δικάζειν

249 734 295 766 τὰ
316 748 347 767 τ.
369 740 408 778 φ.
431 730 521 778 607,
538 743 600 767 21.

195 786 419 830 γυμνάζεσθαι
442 787 502 824 τὰς
521 787 609 825 δίκας
630 784 720 831 665,
735 793 771 832 5.

195 839 364 883 γυμνάσια
410 838 484 883 τρία
530 840 618 884 παρὰ
656 842 720 878 τοῖς
757 837 931 880 Ἀθηναίοις

253 899 340 936 777)
357 900 419 934 27·

195 942 342 988 δαιμονία
370 946 431 977 τῶν
455 946 662 988 προσηγοριῶν
687 942 705 984 ἦ
733 942 818 982 θέσις
841 941 929 988 287,

257 1006 268 1029 1
309 1022 316 1029 .

198 1005 320 1087 δεδείὲω
339 1057 429 1093 444,
451 1058 508 1081 10.

195 1100 346 1142 δεινότητι
366 1101 506 1146 χρῆσθαι
528 1098 618 1145 363,
637 1109 670 1145 7.

198 1153 346 1193 δείνωσις,
367 1153 502 1195 δεινότης
522 1161 613 1198 370,
634 1151 691 1186 16.

197 1203 355 1239 Δεκέλεια
378 1203 467 1251 783,
486 1215 546 1239 22.

196 1257 423 1298 δελεασθέντες
437 1264 483 1302 τῷ
502 1259 722 1303 διηγηματικᾷῐ
736 1257 822 1301 τύπῳ
843 1265 888 1302 27
899 1267 911 1291 1
922 1283 930 1297 ,

255 1319 316 1354 24.

197 1363 318 1407 δέομαι.
340 1361 444 1396 ἐδέετο
465 1370 556 1408 527,
574 1371 636 1407 23.

197 1414 308 1449 δέοντα
329 1424 392 1461 35,
412 1425 474 1460 24.

198 1468 364 1512 δεσμῶται
393 1467 559 1515 ἀφιέμενοι
588 1469 641 1500 τοῦ
669 1467 787 1511 ’δεσμοῦ
813 1469 844 1501 ἐν
871 1470 934 1507 τοῖς

252 1520 421 1560 Διονυσίοις
439 1520 495 1554 καὶ
515 1519 748 1561 Παναθηναίοις
766 1529 853 1566 704,
877 1518 932 1554 16.

198 1572 486 1620 δευτεραγωνιστής
510 1571 596 1612 162,
610 1583 649 1617 3.

198 1626 434 1672 ὃευτερολογίας
448 1624 550 1672 τρόποι
571 1626 620 1659 δύο
641 1623 732 1664 661,
752 1635 812 1670 14.

199 1681 231 1712 ἐν
251 1675 399 1724 δευτέροις
419 1678 524 1723 λέγειν
545 1676 635 1717 661,
656 1683 690 1723 7.

200 1731 346 1777 ὃηλοίτωρ
369 1739 457 1776 794,
475 1738 535 1776 25.

201 1782 310 1825 Δηλία
332 1783 437 1828 (ναῖς)
460 1781 551 1828 637,
567 1793 603 1826 4.

200 1837 289 1877 δῆλον
308 1846 376 1882 pro
392 1835 530 1877 δηλονότι
551 1845 641 1881 394,
661 1845 719 1880 13.

201 1889 409 1934 δημεύεσθαι,
454 1887 636 1922 bonorum
684 1887 936 1934 publicatione

255 1939 389 1986 puniri,
411 1939 458 1975 ad
479 1950 568 1986 550,
587 1939 647 1975 26.

203 1995 388 2040 Δημητριάς
409 1994 514 2038 (ναῦς)
537 1997 662 2028 annot.
685 1992 732 2027 ad
752 1992 799 2039 63
808 2003 841 2039 7,
855 2002 892 2040 5.

203 2046 393 2091 Δημομέλης
414 2054 473 2091 25,
488 2056 551 2091 3¹·

203 2099 307 2143 ὃῆμος.
328 2098 390 2132 ἀπὸ
411 2098 506 2142 δήμου
525 2099 707 2145 Ἀφιδναῖος
728 2097 817 2144 598,
835 2109 894 2133 20.

204 2150 405 2196 Δημοσθένης
441 2152 596 2191 πολλάκις
632 2152 679 2185 τὰ
715 2153 805 2185 αὐτὰ
836 2150 938 2197 λέγων

256 2204 370 2250 φεύγει
401 2202 435 2237 τὸ
455 2203 618 2250 προσκορὲς
637 2205 689 2238 διὰ
713 2204 768 2245 τῆς
787 2200 934 2244 ἔξαλλα·

257 2257 314 2300 γῆς
341 2259 402 2289 τῶν
427 2256 562 2301 μεθόδων
587 2256 642 2290 καὶ
669 2260 729 2290 τῶν
755 2257 937 2301 σχημάτων

259 2307 350 2354 568,
371 2319 427 2353 14.

207 2360 424 2406 Δημοσθένους
451 2362 524 2395 ἐστὶ
553 2361 589 2396 τὸ
617 2363 670 2396 διὰ
704 2364 764 2395 τῶν
793 2360 939 2396 ἐναντίων

258 2415 361 2448 ἀνύειν
377 2413 412 2448 τὸ
433 2414 681 2459 σπουδαζόμενον
701 2414 793 2460 604,
813 2425 872 2462 19.

209 2463 424 2510 Δημοσθένους
455 2463 528 2500 ’ίδιον
562 2466 597 2500 τὸ
631 2468 756 2506 πολλὰς
787 2468 937 2514 εὑρίσκειν

261 2516 406 2562 μεθόδους
430 2520 467 2557 ὡς
493 2519 538 2551 τὰ
561 2520 679 2565 ἰσχυρὰ
699 2519 836 2564 λέγοντα
855 2522 935 2568 φεύ-

260 2585 330 2615 γειν
349 2570 386 2604 τὸ
403 2567 566 2616 προσκορές
586 2570 677 2614 614,
694 2582 732 2617 9.

209 2622 421 2668 Δημοσθένης,
437 2622 543 2668 πατὴρ
558 2621 784 2666 Δημοσθένους,
806 2635 819 2658 1
830 2623 865 2664 8,
879 2635 938 2669 14.

268 2685 327 2722 19,
342 2685 379 2720 3.
413 2685 473 2720 23,
494 2674 551 2709 18.

210 2725 424 2771 Δημοσθένους
438 2728 625 2773 τριηραρχία
649 2736 735 2773 153,
753 2726 786 2761 8.

209 2778 422 2823 Δημοσθένους
453 2780 529 2822 βίος.
564 2781 601 2819 ὡς
630 2779 798 2825 εἰρήκαμεν
831 2784 862 2814 ἐν
896 2787 942 2826 τῷ

263 2832 323 2875 βίῳ
343 2832 560 2876 Δημοσθένους
581 2830 669 2878 785,
686 2843 747 2877 23.

211 2884 411 2929 Δημοσθένης
430 2884 564 2920 citatur
586 2895 621 2926 2,
643 2895 699 2929 17.
721 2895 758 2929 3,
774 2895 808 2932 5.
830 2895 867 2930 3,
883 2897 939 2930 13.

1627 151 1710 191 833

1036 272 1072 304 4,
1092 272 1124 295 2.
1151 258 1257 305 7,18.
1280 270 1342 305 30,
1361 258 1394 294 8.
1417 269 1480 304 30,
1497 267 1552 305 15.
1576 257 1713 304 38,21.

1037 323 1100 357 43,
1119 312 1178 346 28.
1213 311 1278 358 48,
1299 322 1357 346 10.
1397 309 1459 351 80,
1477 321 1538 345 22.
1573 312 1634 351 81,
1652 322 1713 346 21.

1039 366 1153 403 82,1.
1199 365 1339 411 84,19.
1387 363 1498 411 85,4.
1551 373 1633 410 115,
1651 363 1712 398 28.

1044 418 1179 461 118‚4.
1217 428 1299 463 130,
1321 429 1328 451 ι
1348 428 1379 450 1.

982 474 1056 505 κατ’
1095 470 1301 516 Ἀνδροτίωνος
1331 478 1423 515 455,
1452 480 1509 503 10.
1559 478 1650 515 457,
1675 478 1710 515 5.

1038 530 1202 569 597,15.
1234 529 1320 567 719,
1337 532 1398 555 20.
1428 520 1516 566 782,
1532 532 1593 556 20.
1623 530 1712 568 794,

1042 573 1100 609 16.
1134 583 1301 622 795,23.
1335 573 1478 619 802‚3.

984 631 1060 662 κατ’
1081 627 1345 673 Ἀριστογείτονος
1364 633 1455 673 455,
1471 634 1505 671 7.
1527 625 1616 673 605,
1636 634 1697 672 15.

983 681 1075 714 κατὰ
1088 680 1350 726 Ἀριστοκράτους
1371 689 1460 718 222,
1477 690 1539 713 20.
1573 678 1660 724 267,
1679 689 1714 712 2.

1037 743 1128 777 340,
1146 743 1204 778 29.
1225 742 1316 777 435,
1333 742 1392 765 21.
1414 731 1505 777 458,
1520 742 1553 771 1,
1576 730 1714 778 670,4.

1039 784 1128 832 689,
1146 792 1206 831 27.
1241 784 1328 831 762,
1345 792 1406 829 27.

983 838 1050 882 περὶ
1070 838 1183 883 εἰρήνης
1203 836 1292 883 458,
1317 848 1345 871 1.

983 890 1053 936 πρὸς
1073 890 1227 933 Λεπτίνην
1248 888 1336 934 248,
1353 896 1387 935 7.

985 943 1052 988 περὶ
1073 946 1350 988 Μεγαλοπολιτῶν
1373 951 1460 987 217,
1479 953 1539 977 21.

985 997 1077 1029 κατὰ
1106 996 1232 1029 Μειδίου
1254 1005 1342 1035 221,
1361 1005 1419 1028 11.
1452 993 1593 1042 336,9.
1626 1005 1717 1040 340,

1042 1056 1102 1095 27,
1135 1047 1225 1093 389»
1243 1058 1303 1082 21·
1339 1058 1510 1093 43410.
1547 1056 1715 1094 45414·

1043 1099 1149 1145 (548,
1176 1101 1253 1144 10.)
1307 1110 1396 1145 703,
1422 1111 1482 1146 23.
1543 1100 1632 1140 802,
1659 1111 1718 1134 20.

1042 1152 1132 1197 813,
1150 1161 1183 1199 5.

988 1206 1211 1250 (Ὀλυνθιακὸς
1229 1206 1279 1250 α’)
1302 1214 1392 1252 520,
1414 1204 1471 1239 16.

985 1258 1190 1298 Ὀλυνθιακὸς
1209 1259 1242 1300 β’
1266 1268 1355 1305 209,
1375 1256 1434 1292 18.
1467 1256 1557 1300 686,
1575 1268 1634 1292 22.

985 1310 1191 1350 Ὀλυνθιακὸς
1209 1310 1243 1356 γ’
1259 1320 1348 1355 223,
1366 1321 1397 1344 1.

987 1365 1019 1396 ἐν
1039 1367 1084 1410 τῷ
1101 1364 1366 1409 παραπρεσβείας
1385 1361 1476 1406 461,
1494 1372 1552 1408 13.

986 1415 1054 1461 περὶ
1079 1417 1135 1457 τῆς
1153 1416 1418 1462 παραπρεσβείας
1441 1414 1528 1455 218,
1543 1424 1581 1462 5.

988 1470 1019 1501 ἐν
1039 1473 1084 1512 τῷ
1102 1470 1176 1502 κατ’
1199 1468 1349 1512 Αἷσχίνου
1370 1467 1409 1511 (i.
1431 1479 1464 1502 e.
1494 1468 1561 1514 περὶ
1580 1469 1636 1510 τῆς
1652 1483 1720 1501 πα-

1041 1520 1270 1567 ραπρεσβείας)
1310 1519 1400 1568 536,
1425 1531 1485 1555 22.
1545 1529 1635 1567 537,
1660 1531 1721 1555 12.

1043 1581 1133 1620 590,
1151 1581 1185 1618 7.
1217 1573 1308 1620 656,
1326 1584 1387 1608 21.
1423 1583 1511 1619 703,
1528 1581 1591 1620 25.

989 1629 1021 1660 ἐν
1036 1631 1082 1670 τῷ
1095 1625 1170 1672 ὑπὲρ
1187 1626 1264 1671 (Vel
1277 1626 1362 1674 περὶ)
1380 1630 1434 1660 τοῦ
1450 1628 1614 1674 στεφάνου
1632 1625 1723 1672 384,

1050 1689 1081 1718 1,
1099 1689 1162 1724 31.
1183 1678 1273 1726 385,
1292 1690 1325 1714 2.
1358 1678 1448 1725 389,
1467 1687 1527 1726 15.
1548 1689 1640 1723 412,
1659 1689 1718 1724 13.

1044 1740 1183 1775 421,1.
1206 1739 1343 1779 457,5.
1367 1742 1457 1778 573,
1475 1742 1535 1766 20.
1557 1731 1721 1776 603,22.

1045 1782 1136 1830 617,
1156 1783 1214 1818 18.
1235 1783 1397 1831 677,26.
1417 1784 1551 1830 706,7.
1573 1783 1721 1831 quando

1043 1835 1171 1871 habita
1191 1836 1280 1882 256,
1299 1846 1333 1883 5.

992 1891 1024 1922 ἐν
1039 1895 1084 1933 τῷ
1100 1889 1167 1935 περὶ
1187 1891 1369 1929 συντάξεως
1391 1898 1479 1935 207,
1497 1900 1558 1937 29.

991 1944 1082 1975 κατὰ
1119 1944 1332 1988 Τιμοκράτους
1366 1941 1455 1987 368,
1483 1952 1518 1977 2.
1567 1940 1658 1988 458.
1687 1952 1722 1976 2.

1047 2001 1136 2040 5172
1156 2003 1215 2039 17·
1248 2002 1337 2042 594,
1354 1993 1416 2029 28·

991 2047 1173 2081 Φιλιππικοὶ
1193 2046 1278 2092 λόγοι
1302 2047 1390 2087 216,
1406 2054 1442 2094 5.

992 2102 1024 2134 ἐν
1043 2103 1107 2140 τοῖς
1132 2103 1331 2140 Φιλιππικοῖς
1352 2109 1441 2147 279,
1460 2098 1521 2134 28.
1555 2098 1643 2146 287,
1660 2109 1722 2144 23.

1048 2151 1206 2198 382,24.
1232 2152 1296 2197 (ex
1314 2163 1409 2198 p.44
1430 2154 1542 2198 extr.)
1561 2160 1723 2199 443,27.

1046 2215 1136 2251 490,
1153 2204 1214 2240 28.
1236 2205 1327 2252 506,
1345 2206 1406 2240 26.
1436 2216 1526 2252 543,
1546 2216 1608 2250 24.
1630 2215 1723 2251 594,

1050 2257 1111 2292 28.
1135 2257 1224 2305 652,
1244 2268 1304 2294 10.
1337 2259 1536 2305 (770‚14.)
1562 2268 1724 2306 794,23.

991 2314 1186 2345 Φιλιππικῶν
1205 2311 1231 2345 ε’
1252 2321 1342 2357 247,
1361 2323 1373 2345 1
1386 2322 1420 2346 2.

993 2367 1191 2398 Φιλιππικῶν
1204 2365 1246 2407 ζ’,
1262 2365 1276 2398 ὃ
1296 2363 1370 2409 ὑπὲρ
1388 2363 1587 2406 εΑλοννη’σ·ου,
1608 2365 1727 2398 νοθεύε-

1047 2431 1103 2450 ται
1128 2424 1217 2463 254,
1233 2425 1268 2461 7.

992 2472 1188 2503 Φιλιππικῶν
1208 2470 1236 2503 θ’
1255 2468 1346 2515 690,
1365 2479 1396 2504 1.

992 2521 1059 2566 περὶ
1078 2525 1141 2556 τῶν
1160 2524 1192 2555 ἐν
1207 2521 1386 2567 Χερρονήσῳ
1407 2524 1600 2567 στρατιωτῶ
1628 2529 1720 2565 217,

1052 2584 1115 2608 22.
1148 2581 1238 2620 247,
1258 2583 1317 2617 13.

995 2626 1009 2659 ὅ
1025 2625 1098 2670 ὑπὲρ
1114 2626 1290 2665 Διοπείθους
1309 2625 1400 2671 λόγος
1418 2625 1458 2670 (i.
1477 2637 1509 2660 e.
1528 2624 1646 2659 oratio
1661 2625 1729 2670 περὶ

1049 2681 1110 2712 τῶν
1125 2681 1156 2712 ἐν
1169 2678 1349 2724 Χερρονήσῳ
1367 2677 1456 2717 206,
1469 2688 1529 2712 22.
1551 2677 1636 2724 196,
1648 2677 1727 2722 27.)

1049 2733 1080 2764 ἐν
1099 2735 1146 2774 τῷ
1164 2731 1338 2770 Διοπείθους
1360 2741 1448 2770 200,
1472 2741 1528 2764 12.

996 2782 1210 2825 Δημοσθένους
1224 2779 1391 2828 ἐξηγηταί.
1417 2781 1475 2817 Cf.
1486 2781 1593 2817 Praef.
1608 2794 1643 2828 p.
1654 2781 1729 2816 xvi.

1050 2835 1240 2874 Ἀθανάσιος
1263 2842 1350 2882 771,
1372 2833 1432 2870 28.

1052 2884 1255 2933 Ἀλέξανδρος
1280 2898 1365 2934 191,
1382 2887 1416 2922 8.
1447 2885 1537 2931 468,
1558 2898 1616 2922 10.
