1987 3262
285 166 369 206 854
897 163 1210 205 ADDENDA.

340 257 380 292 P.
399 255 490 305 697,
514 268 573 291 10.
595 255 786 301 ἀπέδοσαν]
811 256 980 290 ἐπέδοσαν
998 254 1092 291 T.C.
1234 266 1295 301 29.
1326 257 1383 289 νῦν
1403 255 1440 288 δὲ
1460 255 1521 298 τὴν
1541 256 1625 289 κατὰ
1645 256 1729 302 τῶν]
1755 258 1814 290 νῦν

290 321 327 355 δὲ
346 322 400 355 καὶ
420 320 502 354 κατὰ
521 319 582 363 τὴν
601 323 668 353 τῶν
682 318 776 354 T.C.

341 384 381 419 P.
400 383 490 431 698,
514 395 571 418 11.
603 383 735 428 νόμοις]
758 385 848 430 νόμῳ
870 381 917 418 Τ.
1037 393 1095 428 13.
1127 381 1321 428 διαιρεῖται]
1344 382 1496 427 διῄρηται
1514 381 1557 417 Τ.
1672 390 1731 430 25.
1754 384 1814 417 τὸν

286 448 452 493 ἀκροατὴν
466 467 519 473 ——·
534 446 829 492 αἰσχροκέρδειαν]
863 447 923 480 τὸν
942 446 1107 491 ἀκροατὴν
1127 445 1163 479 ἐν
1182 446 1317 490 ὑποψίᾳ
1345 446 1422 481 δοὺς
1448 446 1531 480 κατὰ
1550 448 1611 480 τοῦ
1630 445 1811 487 ἀντιδίκου,

287 513 391 556 πείσῃ
413 512 457 548 ὡς
477 511 525 546 δι’
547 511 826 557 αἰσχροκέρδειαν
845 511 900 552 Τ.,
923 510 1061 545 omisso
1081 512 1140 545 τὸν
1160 511 1274 554 νόμον.

343 576 386 611 Ρ.
404 576 495 623 699,
516 587 551 610 2.
581 577 650 608 τῶν
671 575 882 620 ὀφλημάτων
901 573 1039 620 δίδωσι]
1073 573 1264 609 Lacunam
1294 574 1339 609 ab
1360 574 1564 610 editoribus
1593 587 1669 610 non
1693 575 1811 610 anim-

290 639 483 675 adversam
505 639 556 674 Sic
576 638 703 686 explet
721 638 765 673 T.
788 642 855 672 τῶν
875 638 1085 683 ὀφλημάτων
1098 636 1274 679 βούλεται,
1296 639 1348 672 καὶ
1367 639 1406 672 τὸ
1426 638 1550 679 ἰίδικον,
1567 639 1602 673 ἐν
1617 635 1643 686 ᾧ
1661 638 1714 673 ὅτι
1732 639 1811 674 ἀνα·

289 703 374 748 ξίοις
399 704 590 748 δεσμώταις
617 703 678 746 τὴν
697 703 797 747 χάριν
817 702 949 736 δίδωσι.
1007 700 1205 748 Leguntur
1232 701 1313 736 haec
1342 701 1477 748 partim
1503 701 1614 737 etiam
1641 702 1678 737 in
1701 703 1743 738 C.
1773 703 1811 738 in

291 779 363 814 quo
392 778 460 813 pro
489 765 650 813 vulgatis
679 765 952 811 προαιρουμένων
971 783 1024 789 —-
1041 765 1127 809 πρὸς
1155 765 1190 798 δέ
1220 766 1259 798 τὸ
1289 766 1430 799 δυνατὸν
1451 765 1502 800 sic
1532 766 1711 812 scriptum
1740 772 1809 807 est,

290 831 574 876 προαιρουμένων,
597 830 651 863 καὶ
677 830 716 861 τὸ
742 827 948 873 ἀσύμφορον
968 828 1003 861 ἐν
1028 824 1054 874 ᾧ
1082 826 1134 861 ὅτι
1163 827 1310 872 ἀναξίοις
1335 829 1524 873 δεσμώταις
1549 830 1611 873 τὴν
1634 831 1734 875 χάριν
1760 831 1810 864 δί-

289 894 387 928 δωσι.
410 894 495 939 πρὸς
515 893 551 927 δέ
571 893 610 926 τὸ
632 893 837 925 δυνατὸν-τ

344 957 530 993 Addenda
555 957 601 992 ad
629 956 771 992 scholia
799 955 836 991 in
858 955 1156 991 Demosthenem
1183 956 1317 1003 partim
1345 968 1392 991 ex
1419 956 1521 991 libris
1550 957 1811 1005 manuscriptis

293 1021 410 1068 petita
429 1021 466 1056 in
487 1020 690 1068 appendice
712 1019 882 1054 dabimus
903 1019 949 1054 ad
971 1019 1113 1054 scholia
1132 1019 1169 1054 in
1191 1019 1382 1054 [Eschinis
1403 1019 1602 1056 orationes.
