<?xml version="1.0" encoding="UTF-8"?>
<!DOCTYPE html PUBLIC "-//W3C//DTD XHTML 1.0 Transitional//EN"
    "http://www.w3.org/TR/xhtml1/DTD/xhtml1-transitional.dtd">
<html xmlns="http://www.w3.org/1999/xhtml" xml:lang="en" lang="en">
 <head>
  <title>
</title>
<meta http-equiv="Content-Type" content="text/html;charset=utf-8" />
  <meta name='ocr-system' content='tesseract 3.04.00' />
  <meta name='ocr-capabilities' content='ocr_page ocr_carea ocr_par ocr_line ocrx_word'/>
</head>
<body>
  <div class='ocr_page' id='page_1' title='image "./operaexrecension09demouoft_0404.png"; bbox 0 0 1987 3262; ppageno 0'>
   <div class='ocr_carea' id='block_1_1' title="bbox 331 166 1236 208">
    <p class='ocr_par' dir='ltr' id='par_1_1' title="bbox 331 166 1236 208">
     <span class='ocr_line' id='line_1_1' title="bbox 331 166 1236 208; baseline -0.003 0"><span class='ocrx_word' id='word_1_1' title='bbox 331 170 414 208; x_wconf 72' lang='lat'>852</span> <span class='ocrx_word' id='word_1_2' title='bbox 929 166 1136 206; x_wconf 88' lang='lat' dir='ltr'><strong>ADDEN</strong></span> <span class='ocrx_word' id='word_1_3' title='bbox 1142 166 1236 206; x_wconf 94' lang='lat' dir='ltr'><strong>DA.</strong></span> 
     </span>
    </p>
   </div>
   <div class='ocr_carea' id='block_1_2' title="bbox 330 272 1840 699">
    <p class='ocr_par' dir='ltr' id='par_1_2' title="bbox 330 272 1840 699">
     <span class='ocr_line' id='line_1_2' title="bbox 330 272 1838 318; baseline -0.002 -9"><span class='ocrx_word' id='word_1_4' title='bbox 330 278 491 310; x_wconf 82' lang='grc' dir='ltr'>τελοῦντο</span> <span class='ocrx_word' id='word_1_5' title='bbox 510 274 602 310; x_wconf 87' lang='lat' dir='ltr'><strong>T.C.</strong></span> <span class='ocrx_word' id='word_1_6' title='bbox 728 273 777 308; x_wconf 81' lang='lat' dir='ltr'>ib·</span> <span class='ocrx_word' id='word_1_7' title='bbox 798 274 840 307; x_wconf 87' lang='grc' dir='ltr'>τὰ</span> <span class='ocrx_word' id='word_1_8' title='bbox 859 273 895 307; x_wconf 76' lang='grc' dir='ltr'>δὲ</span> <span class='ocrx_word' id='word_1_9' title='bbox 914 288 949 317; x_wconf 91' lang='grc' dir='ltr'>μ.</span> <span class='ocrx_word' id='word_1_10' title='bbox 971 288 1001 308; x_wconf 92' lang='grc' dir='ltr'><strong>κ.</strong></span> <span class='ocrx_word' id='word_1_11' title='bbox 1023 273 1074 318; x_wconf 84' lang='grc' dir='ltr'>τ.]</span> <span class='ocrx_word' id='word_1_12' title='bbox 1097 287 1125 307; x_wconf 94' lang='grc' dir='ltr'><strong>κ.</strong></span> <span class='ocrx_word' id='word_1_13' title='bbox 1147 287 1175 307; x_wconf 87' lang='grc' dir='ltr'>τ.</span> <span class='ocrx_word' id='word_1_14' title='bbox 1197 273 1233 307; x_wconf 82' lang='grc' dir='ltr'>δέ</span> <span class='ocrx_word' id='word_1_15' title='bbox 1252 274 1293 306; x_wconf 88' lang='grc' dir='ltr'>τὰ</span> <span class='ocrx_word' id='word_1_16' title='bbox 1311 273 1411 318; x_wconf 83' lang='grc' dir='ltr'>μικρὰ</span> <span class='ocrx_word' id='word_1_17' title='bbox 1430 272 1520 308; x_wconf 87' lang='lat' dir='ltr'><strong>T.C.</strong></span> <span class='ocrx_word' id='word_1_18' title='bbox 1655 273 1703 308; x_wconf 87' lang='lat' dir='ltr'>ib.</span> <span class='ocrx_word' id='word_1_19' title='bbox 1724 274 1759 307; x_wconf 81' lang='grc' dir='ltr'>ἐν</span> <span class='ocrx_word' id='word_1_20' title='bbox 1778 274 1838 317; x_wconf 84' lang='grc' dir='ltr'>μὲν</span> 
     </span>
     <span class='ocr_line' id='line_1_3' title="bbox 331 335 1838 383; baseline 0 -12"><span class='ocrx_word' id='word_1_21' title='bbox 331 337 390 372; x_wconf 70' lang='grc' dir='ltr'>οὖν</span> <span class='ocrx_word' id='word_1_22' title='bbox 409 340 479 373; x_wconf 84' lang='grc' dir='ltr'>τοῖς</span> <span class='ocrx_word' id='word_1_23' title='bbox 496 337 552 383; x_wconf 87' lang='grc' dir='ltr'>μ.]</span> <span class='ocrx_word' id='word_1_24' title='bbox 577 337 611 371; x_wconf 85' lang='grc' dir='ltr'>ἐν</span> <span class='ocrx_word' id='word_1_25' title='bbox 629 338 700 371; x_wconf 81' lang='grc' dir='ltr'>τοῖς</span> <span class='ocrx_word' id='word_1_26' title='bbox 718 351 753 380; x_wconf 90' lang='grc' dir='ltr'>μ.</span> <span class='ocrx_word' id='word_1_27' title='bbox 776 337 811 370; x_wconf 82' lang='grc' dir='ltr'>δέ</span> <span class='ocrx_word' id='word_1_28' title='bbox 831 335 926 371; x_wconf 83' lang='lat' dir='ltr'><strong>T.C.</strong></span> <span class='ocrx_word' id='word_1_29' title='bbox 1079 345 1112 381; x_wconf 84' lang='lat'><strong>7.</strong></span> <span class='ocrx_word' id='word_1_30' title='bbox 1133 335 1215 381; x_wconf 81' lang='grc' dir='ltr'>ἀφ’]</span> <span class='ocrx_word' id='word_1_31' title='bbox 1241 335 1298 380; x_wconf 83' lang='grc' dir='ltr'>ἐφ’</span> <span class='ocrx_word' id='word_1_32' title='bbox 1318 335 1360 371; x_wconf 90' lang='grc' dir='ltr'>Τ.</span> <span class='ocrx_word' id='word_1_33' title='bbox 1382 348 1402 371; x_wconf 84' lang='lat' dir='ltr'>a</span> <span class='ocrx_word' id='word_1_34' title='bbox 1421 348 1476 382; x_wconf 87' lang='lat' dir='ltr'>pr.</span> <span class='ocrx_word' id='word_1_35' title='bbox 1500 349 1548 370; x_wconf 86' lang='lat' dir='ltr'>m.</span> <span class='ocrx_word' id='word_1_36' title='bbox 1702 335 1737 371; x_wconf 86' lang='grc'>8.</span> <span class='ocrx_word' id='word_1_37' title='bbox 1760 337 1838 371; x_wconf 80' lang='grc' dir='ltr'>τοὺς</span> 
     </span>
     <span class='ocr_line' id='line_1_4' title="bbox 332 396 1834 446; baseline 0 -12"><span class='ocrx_word' id='word_1_38' title='bbox 332 400 606 445; x_wconf 82' lang='grc' dir='ltr'>ἐπιτελέσοντας]</span> <span class='ocrx_word' id='word_1_39' title='bbox 631 399 710 434; x_wconf 80' lang='grc' dir='ltr'>τοὺς</span> <span class='ocrx_word' id='word_1_40' title='bbox 728 400 918 443; x_wconf 85' lang='grc' dir='ltr'>μέλλοντας</span> <span class='ocrx_word' id='word_1_41' title='bbox 936 398 1128 432; x_wconf 78' lang='grc' dir='ltr'>ἐπιτελέσαι</span> <span class='ocrx_word' id='word_1_42' title='bbox 1147 396 1239 432; x_wconf 86' lang='lat' dir='ltr'><strong>T.C.</strong></span> <span class='ocrx_word' id='word_1_43' title='bbox 1376 409 1413 446; x_wconf 91' lang='lat'>9.</span> <span class='ocrx_word' id='word_1_44' title='bbox 1435 399 1572 445; x_wconf 86' lang='grc' dir='ltr'>δώσων]</span> <span class='ocrx_word' id='word_1_45' title='bbox 1598 399 1724 433; x_wconf 81' lang='grc' dir='ltr'>διδόναι</span> <span class='ocrx_word' id='word_1_46' title='bbox 1741 398 1834 434; x_wconf 84' lang='lat' dir='ltr'><strong>T.C.</strong></span> 
     </span>
     <span class='ocr_line' id='line_1_5' title="bbox 340 461 1839 509; baseline 0 -11"><span class='ocrx_word' id='word_1_47' title='bbox 340 475 394 498; x_wconf 89' lang='lat'>10.</span> <span class='ocrx_word' id='word_1_48' title='bbox 415 463 550 508; x_wconf 86' lang='grc' dir='ltr'>ἑαυτοῦ]</span> <span class='ocrx_word' id='word_1_49' title='bbox 574 463 677 497; x_wconf 80' lang='grc' dir='ltr'>αὐτοῦ</span> <span class='ocrx_word' id='word_1_50' title='bbox 696 462 786 497; x_wconf 91' lang='lat' dir='ltr'><strong>T.C.</strong></span> <span class='ocrx_word' id='word_1_51' title='bbox 929 461 976 496; x_wconf 82' lang='lat' dir='ltr'>ib.</span> <span class='ocrx_word' id='word_1_52' title='bbox 997 462 1122 507; x_wconf 80' lang='grc' dir='ltr'>αὐτῶν]</span> <span class='ocrx_word' id='word_1_53' title='bbox 1147 462 1249 505; x_wconf 81' lang='grc' dir='ltr'>αὐτῆς</span> <span class='ocrx_word' id='word_1_54' title='bbox 1268 461 1360 496; x_wconf 86' lang='lat' dir='ltr'><strong>T.C.</strong></span> <span class='ocrx_word' id='word_1_55' title='bbox 1501 472 1561 509; x_wconf 84' lang='lat'>15.</span> <span class='ocrx_word' id='word_1_56' title='bbox 1584 463 1629 498; x_wconf 85' lang='grc' dir='ltr'>εἷς</span> <span class='ocrx_word' id='word_1_57' title='bbox 1649 464 1767 509; x_wconf 84' lang='grc' dir='ltr'>τοῦτο]</span> <span class='ocrx_word' id='word_1_58' title='bbox 1792 463 1839 498; x_wconf 81' lang='grc' dir='ltr'>εἷς</span> 
     </span>
     <span class='ocr_line' id='line_1_6' title="bbox 331 524 1838 573; baseline -0.001 -12"><span class='ocrx_word' id='word_1_59' title='bbox 331 527 464 573; x_wconf 88' lang='grc' dir='ltr'>τροφὴν</span> <span class='ocrx_word' id='word_1_60' title='bbox 482 530 549 561; x_wconf 82' lang='grc' dir='ltr'>τῶν</span> <span class='ocrx_word' id='word_1_61' title='bbox 567 528 628 560; x_wconf 82' lang='grc' dir='ltr'>τοῦ</span> <span class='ocrx_word' id='word_1_62' title='bbox 646 528 752 571; x_wconf 84' lang='grc' dir='ltr'>χοροῦ</span> <span class='ocrx_word' id='word_1_63' title='bbox 770 525 864 561; x_wconf 83' lang='lat' dir='ltr'><strong>T.C.</strong></span> <span class='ocrx_word' id='word_1_64' title='bbox 997 534 1057 571; x_wconf 80' lang='grc'>25.</span> <span class='ocrx_word' id='word_1_65' title='bbox 1081 526 1118 559; x_wconf 84' lang='grc' dir='ltr'>δέ</span> <span class='ocrx_word' id='word_1_66' title='bbox 1137 524 1193 569; x_wconf 83' lang='grc' dir='ltr'>ἧν]</span> <span class='ocrx_word' id='word_1_67' title='bbox 1217 526 1253 559; x_wconf 81' lang='grc' dir='ltr'>δέ</span> <span class='ocrx_word' id='word_1_68' title='bbox 1273 537 1347 560; x_wconf 89' lang='grc'><strong>0111.</strong></span> <span class='ocrx_word' id='word_1_69' title='bbox 1369 525 1465 562; x_wconf 86' lang='lat' dir='ltr'><strong>T.C.</strong></span> <span class='ocrx_word' id='word_1_70' title='bbox 1605 526 1664 561; x_wconf 81' lang='grc'>28.</span> <span class='ocrx_word' id='word_1_71' title='bbox 1685 529 1745 560; x_wconf 84' lang='grc' dir='ltr'>τοῦ</span> <span class='ocrx_word' id='word_1_72' title='bbox 1764 539 1838 561; x_wconf 87' lang='grc'><strong>0111.</strong></span> 
     </span>
     <span class='ocr_line' id='line_1_7' title="bbox 331 589 1836 636; baseline 0.001 -12"><span class='ocrx_word' id='word_1_73' title='bbox 331 589 424 624; x_wconf 81' lang='lat' dir='ltr'><strong>T.C.</strong></span> <span class='ocrx_word' id='word_1_74' title='bbox 594 589 641 624; x_wconf 88' lang='lat' dir='ltr'>ib.</span> <span class='ocrx_word' id='word_1_75' title='bbox 665 589 896 629; x_wconf 85' lang='grc' dir='ltr'>Πανδιονίδος,</span> <span class='ocrx_word' id='word_1_76' title='bbox 931 589 1027 634; x_wconf 80' lang='grc' dir='ltr'>ἰδὼν]</span> <span class='ocrx_word' id='word_1_77' title='bbox 1060 589 1272 623; x_wconf 85' lang='grc' dir='ltr'>πανδιονίδος</span> <span class='ocrx_word' id='word_1_78' title='bbox 1305 590 1493 632; x_wconf 77' lang='grc' dir='ltr'>ηὐτελίζετο</span> <span class='ocrx_word' id='word_1_79' title='bbox 1527 591 1592 624; x_wconf 78' lang='grc' dir='ltr'>ἀπὸ</span> <span class='ocrx_word' id='word_1_80' title='bbox 1629 590 1720 635; x_wconf 85' lang='lat' dir='ltr'>(imo</span> <span class='ocrx_word' id='word_1_81' title='bbox 1754 591 1836 636; x_wconf 79' lang='grc' dir='ltr'>ὑπὸ)</span> 
     </span>
     <span class='ocr_line' id='line_1_8' title="bbox 331 651 1840 699; baseline 0.001 -13"><span class='ocrx_word' id='word_1_82' title='bbox 331 654 466 687; x_wconf 89' lang='grc' dir='ltr'>πάντων</span> <span class='ocrx_word' id='word_1_83' title='bbox 484 654 536 687; x_wconf 84' lang='grc' dir='ltr'>καὶ</span> <span class='ocrx_word' id='word_1_84' title='bbox 556 653 636 686; x_wconf 86' lang='grc' dir='ltr'>ἷδὼν</span> <span class='ocrx_word' id='word_1_85' title='bbox 656 651 761 687; x_wconf 87' lang='lat' dir='ltr'><strong>T.C.</strong></span> <span class='ocrx_word' id='word_1_86' title='bbox 896 651 944 686; x_wconf 85' lang='lat' dir='ltr'>ib.</span> <span class='ocrx_word' id='word_1_87' title='bbox 970 652 1382 695; x_wconf 70' lang='grc' dir='ltr'>ἀτιμαζομένην-ἑαυτὸν</span> <span class='ocrx_word' id='word_1_88' title='bbox 1407 654 1572 699; x_wconf 82' lang='grc' dir='ltr'>χορηγὸν]</span> <span class='ocrx_word' id='word_1_89' title='bbox 1600 654 1840 698; x_wconf 82' lang='grc' dir='ltr'>άτιμαζομένην</span> 
     </span>
    </p>
   </div>
   <div class='ocr_carea' id='block_1_3' title="bbox 332 714 1850 2909">
    <p class='ocr_par' dir='ltr' id='par_1_3' title="bbox 332 714 1822 762">
     <span class='ocr_line' id='line_1_9' title="bbox 332 714 1822 762; baseline 0.001 -12"><span class='ocrx_word' id='word_1_90' title='bbox 332 716 509 760; x_wconf 83' lang='grc' dir='ltr'>ἐθελοντὴς</span> <span class='ocrx_word' id='word_1_91' title='bbox 528 717 546 749; x_wconf 90' lang='grc' dir='ltr'>ὁ</span> <span class='ocrx_word' id='word_1_92' title='bbox 564 714 675 761; x_wconf 81' lang='grc' dir='ltr'>ῥήτωρ</span> <span class='ocrx_word' id='word_1_93' title='bbox 695 715 1014 760; x_wconf 75' lang='grc' dir='ltr'>αὐτοχειροτόνητον</span> <span class='ocrx_word' id='word_1_94' title='bbox 1034 716 1106 758; x_wconf 74' lang='grc' dir='ltr'>ν’]’τοι</span> <span class='ocrx_word' id='word_1_95' title='bbox 1126 715 1400 760; x_wconf 81' lang='grc' dir='ltr'>αὐτεπάγγελτον</span> <span class='ocrx_word' id='word_1_96' title='bbox 1419 718 1537 750; x_wconf 86' lang='grc' dir='ltr'>ἑαυτὸν</span> <span class='ocrx_word' id='word_1_97' title='bbox 1558 718 1706 762; x_wconf 82' lang='grc' dir='ltr'>χορηγὸν</span> <span class='ocrx_word' id='word_1_98' title='bbox 1727 716 1822 752; x_wconf 85' lang='lat' dir='ltr'><strong>T.C.</strong></span> 
     </span>
    </p>

    <p class='ocr_par' dir='ltr' id='par_1_4' title="bbox 333 778 1842 1203">
     <span class='ocr_line' id='line_1_10' title="bbox 387 778 1840 826; baseline 0 -13"><span class='ocrx_word' id='word_1_99' title='bbox 387 779 427 814; x_wconf 91' lang='lat' dir='ltr'>P.</span> <span class='ocrx_word' id='word_1_100' title='bbox 450 787 540 826; x_wconf 77' lang='lat'><strong>511,</strong></span> <span class='ocrx_word' id='word_1_101' title='bbox 561 789 595 814; x_wconf 83' lang='lat'><strong>2.</strong></span> <span class='ocrx_word' id='word_1_102' title='bbox 617 781 656 822; x_wconf 85' lang='grc' dir='ltr'>τῇ</span> <span class='ocrx_word' id='word_1_103' title='bbox 680 778 980 824; x_wconf 76' lang='grc' dir='ltr'>φυλῇ-πάντων]</span> <span class='ocrx_word' id='word_1_104' title='bbox 1007 779 1091 823; x_wconf 74' lang='grc' dir='ltr'>ὑπὲρ</span> <span class='ocrx_word' id='word_1_105' title='bbox 1116 780 1173 822; x_wconf 78' lang='grc' dir='ltr'>τῆς</span> <span class='ocrx_word' id='word_1_106' title='bbox 1199 781 1313 824; x_wconf 84' lang='grc' dir='ltr'>φυλῆς</span> <span class='ocrx_word' id='word_1_107' title='bbox 1339 781 1576 824; x_wconf 81' lang='grc' dir='ltr'>προεβάλλετο</span> <span class='ocrx_word' id='word_1_108' title='bbox 1606 781 1658 813; x_wconf 84' lang='grc' dir='ltr'>καὶ</span> <span class='ocrx_word' id='word_1_109' title='bbox 1687 780 1840 823; x_wconf 79' lang='grc' dir='ltr'>ἐπῃνεῖτο</span> 
     </span>
     <span class='ocr_line' id='line_1_11' title="bbox 333 840 1842 889; baseline 0.001 -13"><span class='ocrx_word' id='word_1_110' title='bbox 333 843 422 887; x_wconf 87' lang='grc' dir='ltr'>παρὰ</span> <span class='ocrx_word' id='word_1_111' title='bbox 441 842 573 876; x_wconf 86' lang='grc' dir='ltr'>πάντων</span> <span class='ocrx_word' id='word_1_112' title='bbox 592 842 646 875; x_wconf 87' lang='grc' dir='ltr'>διὰ</span> <span class='ocrx_word' id='word_1_113' title='bbox 665 843 766 874; x_wconf 84' lang='grc' dir='ltr'>τοῦτο</span> <span class='ocrx_word' id='word_1_114' title='bbox 788 840 882 876; x_wconf 87' lang='lat' dir='ltr'><strong>T.C.</strong></span> <span class='ocrx_word' id='word_1_115' title='bbox 1037 851 1074 885; x_wconf 91' lang='lat'>4.</span> <span class='ocrx_word' id='word_1_116' title='bbox 1095 842 1184 889; x_wconf 73' lang='grc' dir='ltr'>αὐτῷ</span> <span class='ocrx_word' id='word_1_117' title='bbox 1203 854 1275 877; x_wconf 90' lang='lat' dir='ltr'>om.</span> <span class='ocrx_word' id='word_1_118' title='bbox 1299 841 1394 878; x_wconf 84' lang='lat' dir='ltr'><strong>T.C.</strong></span> <span class='ocrx_word' id='word_1_119' title='bbox 1557 854 1590 889; x_wconf 80' lang='lat'>5.</span> <span class='ocrx_word' id='word_1_120' title='bbox 1613 844 1842 877; x_wconf 80' lang='grc' dir='ltr'>θέλων-τῶν</span> 
     </span>
     <span class='ocr_line' id='line_1_12' title="bbox 333 904 1842 950; baseline 0.002 -12"><span class='ocrx_word' id='word_1_121' title='bbox 333 905 465 950; x_wconf 74' lang='grc' dir='ltr'>ἄλλων]</span> <span class='ocrx_word' id='word_1_122' title='bbox 498 906 551 938; x_wconf 77' lang='grc' dir='ltr'>καὶ</span> <span class='ocrx_word' id='word_1_123' title='bbox 579 905 618 948; x_wconf 87' lang='grc' dir='ltr'>δὴ</span> <span class='ocrx_word' id='word_1_124' title='bbox 645 906 662 937; x_wconf 91' lang='grc' dir='ltr'>ὁ</span> <span class='ocrx_word' id='word_1_125' title='bbox 691 905 901 948; x_wconf 85' lang='grc' dir='ltr'>δημοσθένης</span> <span class='ocrx_word' id='word_1_126' title='bbox 928 905 1037 939; x_wconf 85' lang='grc' dir='ltr'>θέλων</span> <span class='ocrx_word' id='word_1_127' title='bbox 1065 904 1170 939; x_wconf 82' lang='grc' dir='ltr'>πλέον</span> <span class='ocrx_word' id='word_1_128' title='bbox 1197 909 1263 939; x_wconf 84' lang='grc' dir='ltr'>τῶν</span> <span class='ocrx_word' id='word_1_129' title='bbox 1291 905 1408 939; x_wconf 76' lang='grc' dir='ltr'>ἶίλλων</span> <span class='ocrx_word' id='word_1_130' title='bbox 1436 907 1609 950; x_wconf 83' lang='grc' dir='ltr'>κοσμῆσαι</span> <span class='ocrx_word' id='word_1_131' title='bbox 1637 906 1696 940; x_wconf 84' lang='grc' dir='ltr'>τὸν</span> <span class='ocrx_word' id='word_1_132' title='bbox 1724 908 1842 941; x_wconf 87' lang='grc' dir='ltr'>ἑαυτοῦ</span> 
     </span>
     <span class='ocr_line' id='line_1_13' title="bbox 333 967 1836 1017; baseline 0.001 -16"><span class='ocrx_word' id='word_1_133' title='bbox 333 970 438 1013; x_wconf 83' lang='grc' dir='ltr'>χορὸν</span> <span class='ocrx_word' id='word_1_134' title='bbox 459 967 553 1003; x_wconf 86' lang='lat' dir='ltr'><strong>T.C.</strong></span> <span class='ocrx_word' id='word_1_135' title='bbox 670 978 705 1014; x_wconf 90' lang='lat'>7.</span> <span class='ocrx_word' id='word_1_136' title='bbox 726 967 844 1013; x_wconf 75' lang='grc' dir='ltr'>αὐτὸν]</span> <span class='ocrx_word' id='word_1_137' title='bbox 869 968 989 1003; x_wconf 79' lang='grc' dir='ltr'>αὐτοὺς</span> <span class='ocrx_word' id='word_1_138' title='bbox 1009 967 1105 1003; x_wconf 85' lang='lat' dir='ltr'><strong>T.C.</strong></span> <span class='ocrx_word' id='word_1_139' title='bbox 1231 969 1263 1004; x_wconf 86' lang='grc'>8.</span> <span class='ocrx_word' id='word_1_140' title='bbox 1286 969 1325 1003; x_wconf 83' lang='grc' dir='ltr'>ἂν</span> <span class='ocrx_word' id='word_1_141' title='bbox 1347 981 1419 1003; x_wconf 87' lang='lat' dir='ltr'>om.</span> <span class='ocrx_word' id='word_1_142' title='bbox 1442 968 1535 1004; x_wconf 87' lang='lat' dir='ltr'><strong>T.C.</strong></span> <span class='ocrx_word' id='word_1_143' title='bbox 1652 979 1708 1015; x_wconf 91' lang='lat'>17.</span> <span class='ocrx_word' id='word_1_144' title='bbox 1730 970 1836 1017; x_wconf 79' lang='grc' dir='ltr'>αὐτῷ]</span> 
     </span>
     <span class='ocr_line' id='line_1_14' title="bbox 335 1031 1840 1078; baseline 0.001 -13"><span class='ocrx_word' id='word_1_145' title='bbox 335 1033 436 1065; x_wconf 77' lang='grc' dir='ltr'>αὐτοῦ</span> <span class='ocrx_word' id='word_1_146' title='bbox 455 1031 550 1066; x_wconf 84' lang='lat' dir='ltr'><strong>T.C.</strong></span> <span class='ocrx_word' id='word_1_147' title='bbox 689 1031 749 1066; x_wconf 83' lang='lat'>18.</span> <span class='ocrx_word' id='word_1_148' title='bbox 771 1031 789 1064; x_wconf 81' lang='grc' dir='ltr'>ὃ</span> <span class='ocrx_word' id='word_1_149' title='bbox 809 1032 916 1077; x_wconf 86' lang='grc' dir='ltr'>παρὰ]</span> <span class='ocrx_word' id='word_1_150' title='bbox 941 1031 1034 1066; x_wconf 81' lang='grc' dir='ltr'>ὅστις</span> <span class='ocrx_word' id='word_1_151' title='bbox 1056 1033 1224 1077; x_wconf 80' lang='grc' dir='ltr'>συρισμὸς</span> <span class='ocrx_word' id='word_1_152' title='bbox 1242 1033 1332 1078; x_wconf 80' lang='grc' dir='ltr'>παρὰ</span> <span class='ocrx_word' id='word_1_153' title='bbox 1353 1032 1449 1067; x_wconf 85' lang='lat' dir='ltr'><strong>T.C.</strong></span> <span class='ocrx_word' id='word_1_154' title='bbox 1589 1043 1650 1067; x_wconf 86' lang='grc'>22.</span> <span class='ocrx_word' id='word_1_155' title='bbox 1672 1036 1739 1067; x_wconf 84' lang='grc' dir='ltr'>τῶν</span> <span class='ocrx_word' id='word_1_156' title='bbox 1757 1047 1840 1078; x_wconf 73' lang='grc' dir='ltr'>χρυ·</span> 
     </span>
     <span class='ocr_line' id='line_1_15' title="bbox 336 1093 1840 1141; baseline 0.003 -13"><span class='ocrx_word' id='word_1_157' title='bbox 336 1096 423 1141; x_wconf 87' lang='grc' dir='ltr'>σῶν]</span> <span class='ocrx_word' id='word_1_158' title='bbox 448 1095 514 1128; x_wconf 83' lang='grc' dir='ltr'>ἀπὸ</span> <span class='ocrx_word' id='word_1_159' title='bbox 534 1098 600 1128; x_wconf 83' lang='grc' dir='ltr'>τῶν</span> <span class='ocrx_word' id='word_1_160' title='bbox 618 1097 758 1140; x_wconf 83' lang='grc' dir='ltr'>χρυσῶν</span> <span class='ocrx_word' id='word_1_161' title='bbox 778 1093 874 1129; x_wconf 83' lang='lat' dir='ltr'><strong>T.C.</strong></span> <span class='ocrx_word' id='word_1_162' title='bbox 895 1099 937 1129; x_wconf 84' lang='lat' dir='ltr'>ut</span> <span class='ocrx_word' id='word_1_163' title='bbox 956 1094 1081 1141; x_wconf 76' lang='lat' dir='ltr'><strong>vulgo.</strong></span> <span class='ocrx_word' id='word_1_164' title='bbox 1221 1096 1268 1131; x_wconf 85' lang='lat' dir='ltr'>ib.</span> <span class='ocrx_word' id='word_1_165' title='bbox 1290 1098 1440 1130; x_wconf 87' lang='grc' dir='ltr'>ὁντινοῦν</span> <span class='ocrx_word' id='word_1_166' title='bbox 1460 1107 1534 1130; x_wconf 85' lang='lat' dir='ltr'>om.</span> <span class='ocrx_word' id='word_1_167' title='bbox 1557 1094 1652 1130; x_wconf 80' lang='lat' dir='ltr'><strong>T.C.</strong></span> <span class='ocrx_word' id='word_1_168' title='bbox 1790 1096 1840 1132; x_wconf 79' lang='lat' dir='ltr'>ib.</span> 
     </span>
     <span class='ocr_line' id='line_1_16' title="bbox 335 1157 1219 1203; baseline 0.001 -12"><span class='ocrx_word' id='word_1_169' title='bbox 335 1158 441 1203; x_wconf 85' lang='grc' dir='ltr'>παρὰ]</span> <span class='ocrx_word' id='word_1_170' title='bbox 464 1157 530 1191; x_wconf 83' lang='grc' dir='ltr'>ἀπὸ</span> <span class='ocrx_word' id='word_1_171' title='bbox 549 1157 639 1193; x_wconf 86' lang='lat' dir='ltr'><strong>T.C.</strong></span> <span class='ocrx_word' id='word_1_172' title='bbox 772 1169 830 1203; x_wconf 85' lang='lat'>27.</span> <span class='ocrx_word' id='word_1_173' title='bbox 851 1157 953 1203; x_wconf 80' lang='grc' dir='ltr'>ἰ’διον]</span> <span class='ocrx_word' id='word_1_174' title='bbox 976 1173 1009 1192; x_wconf 87' lang='grc' dir='ltr'>τι</span> <span class='ocrx_word' id='word_1_175' title='bbox 1028 1158 1114 1192; x_wconf 77' lang='grc' dir='ltr'>ἰ’διον</span> <span class='ocrx_word' id='word_1_176' title='bbox 1132 1157 1219 1193; x_wconf 87' lang='lat' dir='ltr'><strong>T.C.</strong></span> 
     </span>
    </p>

    <p class='ocr_par' dir='ltr' id='par_1_5' title="bbox 337 1220 1848 2153">
     <span class='ocr_line' id='line_1_17' title="bbox 392 1220 1841 1268; baseline 0.001 -13"><span class='ocrx_word' id='word_1_177' title='bbox 392 1220 436 1255; x_wconf 87' lang='grc' dir='ltr'>Ρ.</span> <span class='ocrx_word' id='word_1_178' title='bbox 459 1227 548 1268; x_wconf 74' lang='grc'><strong>512,</strong></span> <span class='ocrx_word' id='word_1_179' title='bbox 568 1231 599 1256; x_wconf 88' lang='lat'>1.</span> <span class='ocrx_word' id='word_1_180' title='bbox 624 1221 663 1254; x_wconf 88' lang='grc' dir='ltr'>τὸ</span> <span class='ocrx_word' id='word_1_181' title='bbox 685 1221 820 1266; x_wconf 83' lang='grc' dir='ltr'>τέλεον]</span> <span class='ocrx_word' id='word_1_182' title='bbox 843 1221 1059 1255; x_wconf 77' lang='grc' dir='ltr'>αὖτοτέλειαν</span> <span class='ocrx_word' id='word_1_183' title='bbox 1080 1221 1176 1256; x_wconf 87' lang='lat' dir='ltr'><strong>T.C.</strong></span> <span class='ocrx_word' id='word_1_184' title='bbox 1303 1233 1337 1256; x_wconf 82' lang='lat'>2.</span> <span class='ocrx_word' id='word_1_185' title='bbox 1357 1221 1656 1266; x_wconf 80' lang='grc' dir='ltr'>ἐπιτεθησομὲνου]</span> <span class='ocrx_word' id='word_1_186' title='bbox 1680 1221 1841 1256; x_wconf 83' lang='grc' dir='ltr'>ἐπιτεθει-</span> 
     </span>
     <span class='ocr_line' id='line_1_18' title="bbox 337 1283 1842 1332; baseline 0.001 -14"><span class='ocrx_word' id='word_1_187' title='bbox 337 1285 438 1328; x_wconf 87' lang='grc' dir='ltr'>μένου</span> <span class='ocrx_word' id='word_1_188' title='bbox 459 1283 555 1319; x_wconf 88' lang='lat' dir='ltr'><strong>T.C.</strong></span> <span class='ocrx_word' id='word_1_189' title='bbox 694 1294 730 1328; x_wconf 82' lang='lat'>3.</span> <span class='ocrx_word' id='word_1_190' title='bbox 754 1285 794 1317; x_wconf 87' lang='grc' dir='ltr'>τὸ</span> <span class='ocrx_word' id='word_1_191' title='bbox 813 1285 1030 1330; x_wconf 80' lang='grc' dir='ltr'>κενοτάφιον]</span> <span class='ocrx_word' id='word_1_192' title='bbox 1054 1286 1093 1319; x_wconf 89' lang='grc' dir='ltr'>τὸ</span> <span class='ocrx_word' id='word_1_193' title='bbox 1114 1298 1185 1320; x_wconf 87' lang='grc'><strong>0111.</strong></span> <span class='ocrx_word' id='word_1_194' title='bbox 1205 1284 1291 1319; x_wconf 87' lang='lat' dir='ltr'><strong>T.C.</strong></span> <span class='ocrx_word' id='word_1_195' title='bbox 1429 1292 1465 1332; x_wconf 79' lang='grc'>5.</span> <span class='ocrx_word' id='word_1_196' title='bbox 1486 1286 1524 1318; x_wconf 91' lang='grc' dir='ltr'>τὸ</span> <span class='ocrx_word' id='word_1_197' title='bbox 1543 1299 1572 1318; x_wconf 90' lang='grc' dir='ltr'>τ.</span> <span class='ocrx_word' id='word_1_198' title='bbox 1594 1283 1727 1330; x_wconf 76' lang='grc' dir='ltr'>ὀρύξαι]</span> <span class='ocrx_word' id='word_1_199' title='bbox 1751 1285 1789 1318; x_wconf 84' lang='grc' dir='ltr'>τὸ</span> <span class='ocrx_word' id='word_1_200' title='bbox 1809 1299 1842 1320; x_wconf 89' lang='grc' dir='ltr'><strong>τ.</strong></span> 
     </span>
     <span class='ocr_line' id='line_1_19' title="bbox 338 1346 1838 1393; baseline 0.001 -13"><span class='ocrx_word' id='word_1_201' title='bbox 338 1346 455 1393; x_wconf 78' lang='grc' dir='ltr'>ὀρύξαι</span> <span class='ocrx_word' id='word_1_202' title='bbox 475 1348 514 1381; x_wconf 82' lang='grc' dir='ltr'>οὗ</span> <span class='ocrx_word' id='word_1_203' title='bbox 534 1348 733 1391; x_wconf 84' lang='grc' dir='ltr'>κενοτάφιον</span> <span class='ocrx_word' id='word_1_204' title='bbox 752 1346 841 1382; x_wconf 83' lang='lat' dir='ltr'><strong>T.C.</strong></span> <span class='ocrx_word' id='word_1_205' title='bbox 962 1348 996 1383; x_wconf 86' lang='lat'><strong>6.</strong></span> <span class='ocrx_word' id='word_1_206' title='bbox 1018 1348 1128 1393; x_wconf 78' lang='grc' dir='ltr'>ὦρυξα</span> <span class='ocrx_word' id='word_1_207' title='bbox 1146 1350 1206 1393; x_wconf 85' lang='grc' dir='ltr'>μὲν</span> <span class='ocrx_word' id='word_1_208' title='bbox 1227 1360 1298 1383; x_wconf 84' lang='grc'><strong>0111.</strong></span> <span class='ocrx_word' id='word_1_209' title='bbox 1318 1347 1407 1383; x_wconf 86' lang='lat' dir='ltr'><strong>T.C.</strong></span> <span class='ocrx_word' id='word_1_210' title='bbox 1527 1347 1575 1382; x_wconf 82' lang='lat' dir='ltr'>ib.</span> <span class='ocrx_word' id='word_1_211' title='bbox 1596 1348 1634 1381; x_wconf 79' lang='grc' dir='ltr'>οὐ</span> <span class='ocrx_word' id='word_1_212' title='bbox 1653 1349 1764 1391; x_wconf 84' lang='grc' dir='ltr'>τάφον</span> <span class='ocrx_word' id='word_1_213' title='bbox 1785 1348 1838 1393; x_wconf 81' lang='grc' dir='ltr'>δέ]</span> 
     </span>
     <span class='ocr_line' id='line_1_20' title="bbox 338 1409 1844 1458; baseline 0 -15"><span class='ocrx_word' id='word_1_214' title='bbox 338 1411 378 1444; x_wconf 82' lang='grc' dir='ltr'>οὐ</span> <span class='ocrx_word' id='word_1_215' title='bbox 396 1411 507 1454; x_wconf 87' lang='grc' dir='ltr'>τάφον</span> <span class='ocrx_word' id='word_1_216' title='bbox 527 1409 638 1455; x_wconf 76' lang='grc' dir='ltr'>ὥρυξα</span> <span class='ocrx_word' id='word_1_217' title='bbox 655 1409 745 1445; x_wconf 85' lang='lat' dir='ltr'><strong>T.C.</strong></span> <span class='ocrx_word' id='word_1_218' title='bbox 883 1418 917 1456; x_wconf 72' lang='lat'>7.</span> <span class='ocrx_word' id='word_1_219' title='bbox 938 1410 1127 1458; x_wconf 77' lang='grc' dir='ltr'>ἀντιφέρει]</span> <span class='ocrx_word' id='word_1_220' title='bbox 1149 1412 1315 1457; x_wconf 77' lang='grc' dir='ltr'>ἀντιλέγει</span> <span class='ocrx_word' id='word_1_221' title='bbox 1334 1411 1424 1446; x_wconf 85' lang='lat' dir='ltr'><strong>T.C.</strong></span> <span class='ocrx_word' id='word_1_222' title='bbox 1561 1410 1609 1445; x_wconf 74' lang='lat' dir='ltr'><strong>ib.</strong></span> <span class='ocrx_word' id='word_1_223' title='bbox 1631 1412 1671 1444; x_wconf 84' lang='grc' dir='ltr'>τὸ</span> <span class='ocrx_word' id='word_1_224' title='bbox 1691 1410 1844 1456; x_wconf 80' lang='grc' dir='ltr'>διορύξαι</span> 
     </span>
     <span class='ocr_line' id='line_1_21' title="bbox 337 1472 1844 1520; baseline 0.001 -13"><span class='ocrx_word' id='word_1_225' title='bbox 337 1472 554 1518; x_wconf 84' lang='grc' dir='ltr'>κενοτάφιον]</span> <span class='ocrx_word' id='word_1_226' title='bbox 577 1474 616 1506; x_wconf 87' lang='grc' dir='ltr'>τὸ</span> <span class='ocrx_word' id='word_1_227' title='bbox 636 1472 787 1518; x_wconf 77' lang='grc' dir='ltr'>διορύξαι</span> <span class='ocrx_word' id='word_1_228' title='bbox 805 1473 918 1518; x_wconf 86' lang='grc' dir='ltr'>τάφον</span> <span class='ocrx_word' id='word_1_229' title='bbox 936 1473 1023 1508; x_wconf 86' lang='lat' dir='ltr'><strong>T.C.</strong></span> <span class='ocrx_word' id='word_1_230' title='bbox 1145 1474 1179 1509; x_wconf 87' lang='grc'>8.</span> <span class='ocrx_word' id='word_1_231' title='bbox 1200 1475 1307 1520; x_wconf 82' lang='grc' dir='ltr'>καλῶ]</span> <span class='ocrx_word' id='word_1_232' title='bbox 1331 1476 1420 1520; x_wconf 86' lang='grc' dir='ltr'>λέγω</span> <span class='ocrx_word' id='word_1_233' title='bbox 1440 1473 1529 1508; x_wconf 87' lang='lat' dir='ltr'><strong>T.C.</strong></span> <span class='ocrx_word' id='word_1_234' title='bbox 1651 1474 1699 1508; x_wconf 83' lang='lat' dir='ltr'>ib.</span> <span class='ocrx_word' id='word_1_235' title='bbox 1721 1476 1759 1508; x_wconf 79' lang='grc' dir='ltr'>οὐ</span> <span class='ocrx_word' id='word_1_236' title='bbox 1778 1476 1844 1520; x_wconf 80' lang='grc' dir='ltr'>γὰρ</span> 
     </span>
     <span class='ocr_line' id='line_1_22' title="bbox 338 1536 1841 1584; baseline 0.001 -14"><span class='ocrx_word' id='word_1_237' title='bbox 338 1536 596 1581; x_wconf 73' lang='grc' dir='ltr'>αὐτὸς-ἀξιοῖς</span> <span class='ocrx_word' id='word_1_238' title='bbox 617 1536 662 1580; x_wconf 90' lang='grc' dir='ltr'>μὴ</span> <span class='ocrx_word' id='word_1_239' title='bbox 682 1537 797 1570; x_wconf 88' lang='grc' dir='ltr'>δοῦναι</span> <span class='ocrx_word' id='word_1_240' title='bbox 815 1536 907 1580; x_wconf 91' lang='grc' dir='ltr'>δίκην</span> <span class='ocrx_word' id='word_1_241' title='bbox 927 1549 987 1571; x_wconf 86' lang='grc'><strong>0111</strong></span> <span class='ocrx_word' id='word_1_242' title='bbox 1009 1536 1211 1574; x_wconf 81' lang='lat' dir='ltr'><strong>T.C-D.G.</strong></span> <span class='ocrx_word' id='word_1_243' title='bbox 1358 1548 1415 1582; x_wconf 79' lang='lat'>14.</span> <span class='ocrx_word' id='word_1_244' title='bbox 1437 1539 1511 1584; x_wconf 79' lang='grc' dir='ltr'>οὐκ]</span> <span class='ocrx_word' id='word_1_245' title='bbox 1536 1538 1652 1573; x_wconf 84' lang='grc' dir='ltr'>ἁπλῶς</span> <span class='ocrx_word' id='word_1_246' title='bbox 1672 1539 1730 1571; x_wconf 77' lang='grc' dir='ltr'>οὐκ</span> <span class='ocrx_word' id='word_1_247' title='bbox 1749 1536 1841 1572; x_wconf 87' lang='lat' dir='ltr'><strong>T.C.</strong></span> 
     </span>
     <span class='ocr_line' id='line_1_23' title="bbox 338 1599 1842 1647; baseline 0 -13"><span class='ocrx_word' id='word_1_248' title='bbox 338 1604 379 1634; x_wconf 81' lang='lat' dir='ltr'>ut</span> <span class='ocrx_word' id='word_1_249' title='bbox 399 1599 525 1646; x_wconf 86' lang='lat' dir='ltr'><strong>vulgo.</strong></span> <span class='ocrx_word' id='word_1_250' title='bbox 659 1599 709 1634; x_wconf 78' lang='lat' dir='ltr'>ib.</span> <span class='ocrx_word' id='word_1_251' title='bbox 731 1600 1047 1645; x_wconf 81' lang='grc' dir='ltr'>αὐτοχειροτόνητος</span> <span class='ocrx_word' id='word_1_252' title='bbox 1066 1601 1132 1645; x_wconf 86' lang='grc' dir='ltr'>γὰρ</span> <span class='ocrx_word' id='word_1_253' title='bbox 1151 1600 1239 1644; x_wconf 77' lang='grc' dir='ltr'>ἦσθα</span> <span class='ocrx_word' id='word_1_254' title='bbox 1261 1613 1332 1635; x_wconf 81' lang='lat' dir='ltr'><strong>om.</strong></span> <span class='ocrx_word' id='word_1_255' title='bbox 1355 1600 1549 1636; x_wconf 82' lang='lat' dir='ltr'><strong>T.C.D.G.</strong></span> <span class='ocrx_word' id='word_1_256' title='bbox 1684 1608 1742 1647; x_wconf 79' lang='lat'>15.</span> <span class='ocrx_word' id='word_1_257' title='bbox 1764 1599 1842 1634; x_wconf 83' lang='grc' dir='ltr'>ἀλλ’</span> 
     </span>
     <span class='ocr_line' id='line_1_24' title="bbox 338 1661 1846 1709; baseline 0.001 -13"><span class='ocrx_word' id='word_1_258' title='bbox 338 1661 723 1708; x_wconf 65' lang='grc' dir='ltr'>ἰδιώτην-δημόσιον]</span> <span class='ocrx_word' id='word_1_259' title='bbox 746 1662 836 1696; x_wconf 80' lang='grc' dir='ltr'>ἀλλὰ</span> <span class='ocrx_word' id='word_1_260' title='bbox 860 1663 1069 1706; x_wconf 83' lang='grc' dir='ltr'>δημοσθένην</span> <span class='ocrx_word' id='word_1_261' title='bbox 1096 1664 1229 1707; x_wconf 78' lang='grc' dir='ltr'>ἰδιώτην</span> <span class='ocrx_word' id='word_1_262' title='bbox 1254 1664 1346 1699; x_wconf 81' lang='grc' dir='ltr'>ὅντα.</span> <span class='ocrx_word' id='word_1_263' title='bbox 1382 1666 1420 1698; x_wconf 83' lang='grc' dir='ltr'>τὸ</span> <span class='ocrx_word' id='word_1_264' title='bbox 1445 1665 1480 1698; x_wconf 83' lang='grc' dir='ltr'>δέ</span> <span class='ocrx_word' id='word_1_265' title='bbox 1503 1665 1612 1709; x_wconf 71' lang='grc' dir='ltr'>τύψαι</span> <span class='ocrx_word' id='word_1_266' title='bbox 1633 1662 1766 1708; x_wconf 78' lang='grc' dir='ltr'>ἰδιώτην</span> <span class='ocrx_word' id='word_1_267' title='bbox 1787 1666 1846 1699; x_wconf 75' lang='grc' dir='ltr'>οὐκ</span> 
     </span>
     <span class='ocr_line' id='line_1_25' title="bbox 339 1725 1840 1774; baseline 0.001 -15"><span class='ocrx_word' id='word_1_268' title='bbox 339 1726 415 1759; x_wconf 72' lang='grc' dir='ltr'>ἔστι</span> <span class='ocrx_word' id='word_1_269' title='bbox 434 1726 596 1769; x_wconf 86' lang='grc' dir='ltr'>δημόσιον</span> <span class='ocrx_word' id='word_1_270' title='bbox 615 1726 703 1761; x_wconf 91' lang='lat' dir='ltr'><strong>T.C.</strong></span> <span class='ocrx_word' id='word_1_271' title='bbox 858 1725 914 1760; x_wconf 83' lang='grc'>18.</span> <span class='ocrx_word' id='word_1_272' title='bbox 936 1728 954 1758; x_wconf 84' lang='grc' dir='ltr'>ὁ</span> <span class='ocrx_word' id='word_1_273' title='bbox 974 1726 1117 1772; x_wconf 86' lang='grc' dir='ltr'>διώκων]</span> <span class='ocrx_word' id='word_1_274' title='bbox 1141 1728 1158 1759; x_wconf 97' lang='lat'><em>6</em></span> <span class='ocrx_word' id='word_1_275' title='bbox 1179 1726 1360 1772; x_wconf 85' lang='grc' dir='ltr'>κατήγορος</span> <span class='ocrx_word' id='word_1_276' title='bbox 1380 1727 1471 1762; x_wconf 90' lang='lat' dir='ltr'><strong>T.C.</strong></span> <span class='ocrx_word' id='word_1_277' title='bbox 1613 1739 1671 1774; x_wconf 85' lang='lat'>19.</span> <span class='ocrx_word' id='word_1_278' title='bbox 1693 1727 1840 1774; x_wconf 80' lang='grc' dir='ltr'>συνάγῃ]</span> 
     </span>
     <span class='ocr_line' id='line_1_26' title="bbox 339 1788 1845 1839; baseline 0.003 -17"><span class='ocrx_word' id='word_1_279' title='bbox 339 1790 513 1834; x_wconf 80' lang='grc' dir='ltr'>συναγάγῃ</span> <span class='ocrx_word' id='word_1_280' title='bbox 533 1788 621 1823; x_wconf 89' lang='lat' dir='ltr'><strong>T.C.</strong></span> <span class='ocrx_word' id='word_1_281' title='bbox 756 1799 819 1823; x_wconf 84' lang='lat'><strong>20.</strong></span> <span class='ocrx_word' id='word_1_282' title='bbox 840 1788 958 1834; x_wconf 70' lang='grc' dir='ltr'>ἄμφω]</span> <span class='ocrx_word' id='word_1_283' title='bbox 982 1789 1157 1835; x_wconf 80' lang='grc' dir='ltr'>ἀμφότερα</span> <span class='ocrx_word' id='word_1_284' title='bbox 1174 1789 1263 1825; x_wconf 88' lang='lat' dir='ltr'><strong>T.C.</strong></span> <span class='ocrx_word' id='word_1_285' title='bbox 1402 1802 1462 1825; x_wconf 84' lang='grc'>21.</span> <span class='ocrx_word' id='word_1_286' title='bbox 1484 1791 1596 1837; x_wconf 83' lang='grc' dir='ltr'>τοῦθ’]</span> <span class='ocrx_word' id='word_1_287' title='bbox 1620 1792 1730 1839; x_wconf 78' lang='grc' dir='ltr'>τούτῳ</span> <span class='ocrx_word' id='word_1_288' title='bbox 1749 1791 1845 1827; x_wconf 83' lang='lat' dir='ltr'><strong>T.C.</strong></span> 
     </span>
     <span class='ocr_line' id='line_1_27' title="bbox 338 1852 1847 1900; baseline 0.002 -14"><span class='ocrx_word' id='word_1_289' title='bbox 338 1857 380 1887; x_wconf 83' lang='lat' dir='ltr'>ut</span> <span class='ocrx_word' id='word_1_290' title='bbox 400 1852 559 1887; x_wconf 58' lang='lat' dir='ltr'>WVolfius</span> <span class='ocrx_word' id='word_1_291' title='bbox 579 1852 801 1899; x_wconf 85' lang='lat' dir='ltr'><strong>conjecerat.</strong></span> <span class='ocrx_word' id='word_1_292' title='bbox 968 1852 1016 1887; x_wconf 83' lang='lat' dir='ltr'>ib.</span> <span class='ocrx_word' id='word_1_293' title='bbox 1039 1853 1194 1898; x_wconf 87' lang='grc' dir='ltr'>φαίνεται</span> <span class='ocrx_word' id='word_1_294' title='bbox 1213 1852 1481 1900; x_wconf 71' lang='grc' dir='ltr'>οὗν-μέρεσιν]</span> <span class='ocrx_word' id='word_1_295' title='bbox 1506 1853 1662 1900; x_wconf 86' lang='grc' dir='ltr'>φαίνεται</span> <span class='ocrx_word' id='word_1_296' title='bbox 1681 1855 1792 1889; x_wconf 85' lang='grc' dir='ltr'>τοίνυν</span> <span class='ocrx_word' id='word_1_297' title='bbox 1812 1856 1847 1889; x_wconf 81' lang='grc' dir='ltr'>ἐν</span> 
     </span>
     <span class='ocr_line' id='line_1_28' title="bbox 338 1915 1846 1965; baseline 0.001 -15"><span class='ocrx_word' id='word_1_298' title='bbox 338 1919 482 1951; x_wconf 84' lang='grc' dir='ltr'>πολλοῖς</span> <span class='ocrx_word' id='word_1_299' title='bbox 501 1917 640 1962; x_wconf 82' lang='grc' dir='ltr'>μέρεσιν</span> <span class='ocrx_word' id='word_1_300' title='bbox 658 1917 675 1949; x_wconf 92' lang='grc' dir='ltr'>ὁ</span> <span class='ocrx_word' id='word_1_301' title='bbox 695 1915 905 1960; x_wconf 81' lang='grc' dir='ltr'>δημοσθένης</span> <span class='ocrx_word' id='word_1_302' title='bbox 925 1918 1025 1950; x_wconf 82' lang='grc' dir='ltr'>τοῦτο</span> <span class='ocrx_word' id='word_1_303' title='bbox 1044 1919 1149 1950; x_wconf 81' lang='grc' dir='ltr'>ποιῶν</span> <span class='ocrx_word' id='word_1_304' title='bbox 1166 1916 1256 1952; x_wconf 83' lang='lat' dir='ltr'><strong>T.C.</strong></span> <span class='ocrx_word' id='word_1_305' title='bbox 1366 1929 1427 1963; x_wconf 78' lang='lat'>23.</span> <span class='ocrx_word' id='word_1_306' title='bbox 1448 1918 1556 1965; x_wconf 74' lang='grc' dir='ltr'>αὐτῷ]</span> <span class='ocrx_word' id='word_1_307' title='bbox 1581 1921 1627 1965; x_wconf 81' lang='grc' dir='ltr'>τῷ</span> <span class='ocrx_word' id='word_1_308' title='bbox 1647 1918 1846 1963; x_wconf 81' lang='grc' dir='ltr'>δημοσθένει</span> 
     </span>
     <span class='ocr_line' id='line_1_29' title="bbox 338 1976 1848 2026; baseline 0.003 -15"><span class='ocrx_word' id='word_1_309' title='bbox 338 1977 427 2012; x_wconf 76' lang='lat' dir='ltr'><strong>T.C.</strong></span> <span class='ocrx_word' id='word_1_310' title='bbox 528 1988 590 2022; x_wconf 82' lang='lat'><strong>24.</strong></span> <span class='ocrx_word' id='word_1_311' title='bbox 613 1978 735 2011; x_wconf 86' lang='grc' dir='ltr'>στάσει</span> <span class='ocrx_word' id='word_1_312' title='bbox 758 1976 853 2012; x_wconf 87' lang='lat' dir='ltr'><strong>C.G.</strong></span> <span class='ocrx_word' id='word_1_313' title='bbox 875 1978 971 2012; x_wconf 86' lang='grc' dir='ltr'>τάσει</span> <span class='ocrx_word' id='word_1_314' title='bbox 989 1977 1083 2012; x_wconf 89' lang='lat' dir='ltr'><strong>T.D.</strong></span> <span class='ocrx_word' id='word_1_315' title='bbox 1195 1978 1243 2014; x_wconf 86' lang='lat' dir='ltr'>ib.</span> <span class='ocrx_word' id='word_1_316' title='bbox 1265 1980 1340 2013; x_wconf 81' lang='grc' dir='ltr'>ἐστι</span> <span class='ocrx_word' id='word_1_317' title='bbox 1359 1982 1406 2026; x_wconf 76' lang='grc' dir='ltr'>τῷ</span> <span class='ocrx_word' id='word_1_318' title='bbox 1422 1981 1516 2026; x_wconf 80' lang='grc' dir='ltr'>λόγῳ</span> <span class='ocrx_word' id='word_1_319' title='bbox 1535 1980 1624 2016; x_wconf 84' lang='lat' dir='ltr'><strong>T.C.</strong></span> <span class='ocrx_word' id='word_1_320' title='bbox 1735 1981 1784 2016; x_wconf 80' lang='lat' dir='ltr'>ib.</span> <span class='ocrx_word' id='word_1_321' title='bbox 1805 1984 1848 2015; x_wconf 87' lang='grc' dir='ltr'>τὰ</span> 
     </span>
     <span class='ocr_line' id='line_1_30' title="bbox 339 2039 1847 2088; baseline 0.003 -14"><span class='ocrx_word' id='word_1_322' title='bbox 339 2041 375 2074; x_wconf 81' lang='grc' dir='ltr'>δέ</span> <span class='ocrx_word' id='word_1_323' title='bbox 403 2039 562 2085; x_wconf 84' lang='grc' dir='ltr'>προοίμια</span> <span class='ocrx_word' id='word_1_324' title='bbox 591 2042 815 2088; x_wconf 85' lang='grc' dir='ltr'>καταφορικὰ]</span> <span class='ocrx_word' id='word_1_325' title='bbox 850 2043 889 2075; x_wconf 86' lang='grc' dir='ltr'>τὸ</span> <span class='ocrx_word' id='word_1_326' title='bbox 922 2042 958 2075; x_wconf 79' lang='grc' dir='ltr'>δέ</span> <span class='ocrx_word' id='word_1_327' title='bbox 987 2041 1167 2088; x_wconf 84' lang='grc' dir='ltr'>προοίμιον</span> <span class='ocrx_word' id='word_1_328' title='bbox 1198 2044 1423 2088; x_wconf 87' lang='grc' dir='ltr'>καταφορικὸν</span> <span class='ocrx_word' id='word_1_329' title='bbox 1451 2042 1664 2085; x_wconf 83' lang='lat' dir='ltr'><strong>T.C.D.G.‚</strong></span> <span class='ocrx_word' id='word_1_330' title='bbox 1695 2044 1782 2079; x_wconf 77' lang='lat' dir='ltr'><strong>licet</strong></span> <span class='ocrx_word' id='word_1_331' title='bbox 1810 2044 1847 2078; x_wconf 82' lang='lat' dir='ltr'>in</span> 
     </span>
     <span class='ocr_line' id='line_1_31' title="bbox 339 2103 1633 2153; baseline 0.002 -15"><span class='ocrx_word' id='word_1_332' title='bbox 339 2103 469 2150; x_wconf 79' lang='lat' dir='ltr'>plurali</span> <span class='ocrx_word' id='word_1_333' title='bbox 489 2105 610 2148; x_wconf 79' lang='grc' dir='ltr'>ἔχοντα</span> <span class='ocrx_word' id='word_1_334' title='bbox 630 2105 877 2140; x_wconf 74' lang='lat' dir='ltr'><strong>consentiant.</strong></span> <span class='ocrx_word' id='word_1_335' title='bbox 1019 2114 1080 2152; x_wconf 79' lang='lat'>25.</span> <span class='ocrx_word' id='word_1_336' title='bbox 1103 2106 1314 2153; x_wconf 79' lang='grc' dir='ltr'>ὑπερβολὴν]</span> <span class='ocrx_word' id='word_1_337' title='bbox 1336 2107 1522 2152; x_wconf 80' lang='grc' dir='ltr'>περιβολὴν</span> <span class='ocrx_word' id='word_1_338' title='bbox 1541 2106 1633 2142; x_wconf 85' lang='lat' dir='ltr'><strong>T.C.</strong></span> 
     </span>
    </p>

    <p class='ocr_par' dir='ltr' id='par_1_6' title="bbox 340 2167 1850 2909">
     <span class='ocr_line' id='line_1_32' title="bbox 395 2167 1847 2216; baseline 0.003 -16"><span class='ocrx_word' id='word_1_339' title='bbox 395 2168 434 2201; x_wconf 89' lang='lat' dir='ltr'><strong>P.</strong></span> <span class='ocrx_word' id='word_1_340' title='bbox 458 2174 547 2213; x_wconf 77' lang='lat'><strong>513,</strong></span> <span class='ocrx_word' id='word_1_341' title='bbox 562 2179 575 2201; x_wconf 90' lang='grc' dir='ltr'>Ι</span> <span class='ocrx_word' id='word_1_342' title='bbox 588 2195 595 2202; x_wconf 90' lang='grc'>.</span> <span class='ocrx_word' id='word_1_343' title='bbox 616 2167 736 2213; x_wconf 80' lang='grc' dir='ltr'>ταῦτα]</span> <span class='ocrx_word' id='word_1_344' title='bbox 760 2168 827 2202; x_wconf 77' lang='grc' dir='ltr'>εἶσὶ</span> <span class='ocrx_word' id='word_1_345' title='bbox 846 2171 952 2202; x_wconf 84' lang='grc' dir='ltr'>ταῦτα</span> <span class='ocrx_word' id='word_1_346' title='bbox 970 2168 1063 2203; x_wconf 90' lang='lat' dir='ltr'><strong>T.C.</strong></span> <span class='ocrx_word' id='word_1_347' title='bbox 1199 2180 1232 2204; x_wconf 91' lang='grc'>2.</span> <span class='ocrx_word' id='word_1_348' title='bbox 1253 2170 1329 2216; x_wconf 88' lang='grc' dir='ltr'>μία]</span> <span class='ocrx_word' id='word_1_349' title='bbox 1355 2171 1406 2203; x_wconf 78' lang='grc' dir='ltr'>καὶ</span> <span class='ocrx_word' id='word_1_350' title='bbox 1425 2170 1484 2213; x_wconf 84' lang='grc' dir='ltr'>μία</span> <span class='ocrx_word' id='word_1_351' title='bbox 1502 2169 1591 2204; x_wconf 86' lang='lat' dir='ltr'><strong>T.C.</strong></span> <span class='ocrx_word' id='word_1_352' title='bbox 1714 2181 1751 2216; x_wconf 84' lang='lat'>3.</span> <span class='ocrx_word' id='word_1_353' title='bbox 1772 2169 1847 2214; x_wconf 80' lang='grc' dir='ltr'>μεθ’</span> 
     </span>
     <span class='ocr_line' id='line_1_33' title="bbox 340 2230 1846 2279; baseline 0.003 -14"><span class='ocrx_word' id='word_1_354' title='bbox 340 2230 395 2278; x_wconf 81' lang='grc' dir='ltr'>ἦν]</span> <span class='ocrx_word' id='word_1_355' title='bbox 419 2231 493 2275; x_wconf 82' lang='grc' dir='ltr'>μεθ’</span> <span class='ocrx_word' id='word_1_356' title='bbox 514 2231 552 2275; x_wconf 87' lang='grc' dir='ltr'>ἣν</span> <span class='ocrx_word' id='word_1_357' title='bbox 571 2232 727 2275; x_wconf 86' lang='grc' dir='ltr'>ἐμπίπτει</span> <span class='ocrx_word' id='word_1_358' title='bbox 745 2231 837 2267; x_wconf 83' lang='lat' dir='ltr'><strong>T.C.</strong></span> <span class='ocrx_word' id='word_1_359' title='bbox 987 2232 1022 2267; x_wconf 86' lang='lat'><strong>6.</strong></span> <span class='ocrx_word' id='word_1_360' title='bbox 1043 2235 1119 2267; x_wconf 75' lang='grc' dir='ltr'>ἔστι</span> <span class='ocrx_word' id='word_1_361' title='bbox 1144 2234 1197 2279; x_wconf 82' lang='grc' dir='ltr'>δὲ]</span> <span class='ocrx_word' id='word_1_362' title='bbox 1224 2235 1273 2267; x_wconf 73' lang='grc' dir='ltr'>ἔτι</span> <span class='ocrx_word' id='word_1_363' title='bbox 1301 2235 1337 2267; x_wconf 81' lang='grc' dir='ltr'>δέ</span> <span class='ocrx_word' id='word_1_364' title='bbox 1357 2234 1449 2269; x_wconf 87' lang='lat' dir='ltr'><strong>T.D.</strong></span> <span class='ocrx_word' id='word_1_365' title='bbox 1467 2248 1474 2269; x_wconf 87' lang='lat'>:</span> <span class='ocrx_word' id='word_1_366' title='bbox 1506 2234 1595 2268; x_wconf 86' lang='lat' dir='ltr'>illud</span> <span class='ocrx_word' id='word_1_367' title='bbox 1615 2240 1671 2269; x_wconf 78' lang='lat' dir='ltr'>est</span> <span class='ocrx_word' id='word_1_368' title='bbox 1691 2234 1727 2269; x_wconf 81' lang='lat' dir='ltr'>in</span> <span class='ocrx_word' id='word_1_369' title='bbox 1749 2234 1846 2270; x_wconf 85' lang='lat' dir='ltr'><strong>C.G.</strong></span> 
     </span>
     <span class='ocr_line' id='line_1_34' title="bbox 346 2294 1849 2342; baseline 0.003 -14"><span class='ocrx_word' id='word_1_370' title='bbox 346 2305 404 2328; x_wconf 87' lang='lat'><strong>11.</strong></span> <span class='ocrx_word' id='word_1_371' title='bbox 426 2294 722 2338; x_wconf 86' lang='grc' dir='ltr'>αἷσχρουργίας-</span> <span class='ocrx_word' id='word_1_372' title='bbox 742 2294 760 2336; x_wconf 87' lang='grc' dir='ltr'>ἡ</span> <span class='ocrx_word' id='word_1_373' title='bbox 787 2295 840 2328; x_wconf 87' lang='grc' dir='ltr'>διὰ</span> <span class='ocrx_word' id='word_1_374' title='bbox 860 2295 1018 2340; x_wconf 83' lang='grc' dir='ltr'>πληγῶν]</span> <span class='ocrx_word' id='word_1_375' title='bbox 1044 2296 1288 2341; x_wconf 76' lang='grc' dir='ltr'>αἰσχρολογίας</span> <span class='ocrx_word' id='word_1_376' title='bbox 1312 2298 1482 2342; x_wconf 84' lang='grc' dir='ltr'>γινομένη.</span> <span class='ocrx_word' id='word_1_377' title='bbox 1514 2299 1650 2342; x_wconf 81' lang='grc' dir='ltr'>λέγεται</span> <span class='ocrx_word' id='word_1_378' title='bbox 1677 2296 1772 2342; x_wconf 70' lang='grc' dir='ltr'>ὕβρις</span> <span class='ocrx_word' id='word_1_379' title='bbox 1797 2298 1849 2332; x_wconf 83' lang='grc' dir='ltr'>καὶ</span> 
     </span>
     <span class='ocr_line' id='line_1_35' title="bbox 341 2356 1843 2406; baseline 0.002 -15"><span class='ocrx_word' id='word_1_380' title='bbox 341 2357 359 2400; x_wconf 88' lang='grc' dir='ltr'>ἡ</span> <span class='ocrx_word' id='word_1_381' title='bbox 380 2357 434 2391; x_wconf 85' lang='grc' dir='ltr'>διὰ</span> <span class='ocrx_word' id='word_1_382' title='bbox 452 2358 574 2401; x_wconf 88' lang='grc' dir='ltr'>λόγων.</span> <span class='ocrx_word' id='word_1_383' title='bbox 600 2357 737 2402; x_wconf 84' lang='grc' dir='ltr'>λέγεται</span> <span class='ocrx_word' id='word_1_384' title='bbox 761 2358 864 2390; x_wconf 88' lang='grc' dir='ltr'>πάλιν</span> <span class='ocrx_word' id='word_1_385' title='bbox 884 2356 980 2402; x_wconf 77' lang='grc' dir='ltr'>ὕβρις</span> <span class='ocrx_word' id='word_1_386' title='bbox 1006 2359 1057 2391; x_wconf 85' lang='grc' dir='ltr'>καὶ</span> <span class='ocrx_word' id='word_1_387' title='bbox 1085 2358 1102 2401; x_wconf 88' lang='grc' dir='ltr'>ἡ</span> <span class='ocrx_word' id='word_1_388' title='bbox 1123 2360 1177 2392; x_wconf 83' lang='grc' dir='ltr'>διὰ</span> <span class='ocrx_word' id='word_1_389' title='bbox 1195 2361 1336 2404; x_wconf 82' lang='grc' dir='ltr'>πληγῶν</span> <span class='ocrx_word' id='word_1_390' title='bbox 1354 2358 1446 2394; x_wconf 86' lang='lat' dir='ltr'><strong>T.C.</strong></span> <span class='ocrx_word' id='word_1_391' title='bbox 1566 2367 1622 2405; x_wconf 86' lang='lat'>17.</span> <span class='ocrx_word' id='word_1_392' title='bbox 1644 2363 1679 2394; x_wconf 83' lang='grc' dir='ltr'>ἐκ</span> <span class='ocrx_word' id='word_1_393' title='bbox 1697 2359 1843 2406; x_wconf 78' lang='grc' dir='ltr'>τούτων]</span> 
     </span>
     <span class='ocr_line' id='line_1_36' title="bbox 342 2418 1850 2470; baseline 0.003 -18"><span class='ocrx_word' id='word_1_394' title='bbox 342 2420 394 2452; x_wconf 83' lang='grc' dir='ltr'>καὶ</span> <span class='ocrx_word' id='word_1_395' title='bbox 413 2419 448 2452; x_wconf 84' lang='grc' dir='ltr'>ἐκ</span> <span class='ocrx_word' id='word_1_396' title='bbox 467 2418 596 2453; x_wconf 79' lang='grc' dir='ltr'>τούτων</span> <span class='ocrx_word' id='word_1_397' title='bbox 614 2418 707 2454; x_wconf 87' lang='lat' dir='ltr'><strong>T.C.</strong></span> <span class='ocrx_word' id='word_1_398' title='bbox 836 2430 891 2466; x_wconf 88' lang='lat'>19.</span> <span class='ocrx_word' id='word_1_399' title='bbox 912 2419 1091 2466; x_wconf 81' lang='grc' dir='ltr'>τέταρτον]</span> <span class='ocrx_word' id='word_1_400' title='bbox 1117 2422 1277 2465; x_wconf 79' lang='grc' dir='ltr'>τέταρτον</span> <span class='ocrx_word' id='word_1_401' title='bbox 1296 2421 1374 2466; x_wconf 79' lang='grc' dir='ltr'>ὅρον</span> <span class='ocrx_word' id='word_1_402' title='bbox 1392 2421 1482 2456; x_wconf 85' lang='lat' dir='ltr'><strong>T.C.</strong></span> <span class='ocrx_word' id='word_1_403' title='bbox 1618 2434 1674 2469; x_wconf 83' lang='lat'>19.</span> <span class='ocrx_word' id='word_1_404' title='bbox 1695 2418 1850 2470; x_wconf 76' lang='grc' dir='ltr'>δικαίως]</span> 
     </span>
     <span class='ocr_line' id='line_1_37' title="bbox 343 2481 1847 2530; baseline 0.003 -15"><span class='ocrx_word' id='word_1_405' title='bbox 343 2483 395 2516; x_wconf 88' lang='grc' dir='ltr'>καὶ</span> <span class='ocrx_word' id='word_1_406' title='bbox 424 2482 554 2517; x_wconf 89' lang='grc' dir='ltr'>δικαίως</span> <span class='ocrx_word' id='word_1_407' title='bbox 572 2481 663 2516; x_wconf 83' lang='lat' dir='ltr'><strong>T.C.</strong></span> <span class='ocrx_word' id='word_1_408' title='bbox 805 2493 865 2517; x_wconf 87' lang='lat'>21.</span> <span class='ocrx_word' id='word_1_409' title='bbox 887 2484 904 2514; x_wconf 88' lang='lat'><em>6</em></span> <span class='ocrx_word' id='word_1_410' title='bbox 930 2484 1035 2528; x_wconf 88' lang='grc' dir='ltr'>λόγος</span> <span class='ocrx_word' id='word_1_411' title='bbox 1060 2481 1175 2528; x_wconf 69' lang='grc' dir='ltr'>οὗτος]</span> <span class='ocrx_word' id='word_1_412' title='bbox 1200 2485 1217 2516; x_wconf 90' lang='grc' dir='ltr'>ὁ</span> <span class='ocrx_word' id='word_1_413' title='bbox 1240 2485 1354 2529; x_wconf 83' lang='grc' dir='ltr'>παρὼν</span> <span class='ocrx_word' id='word_1_414' title='bbox 1374 2486 1477 2530; x_wconf 89' lang='grc' dir='ltr'>λόγος</span> <span class='ocrx_word' id='word_1_415' title='bbox 1495 2485 1588 2520; x_wconf 86' lang='lat' dir='ltr'><strong>T.C.</strong></span> <span class='ocrx_word' id='word_1_416' title='bbox 1728 2497 1787 2520; x_wconf 89' lang='grc'>22.</span> <span class='ocrx_word' id='word_1_417' title='bbox 1809 2488 1847 2520; x_wconf 87' lang='grc' dir='ltr'>τὸ</span> 
     </span>
     <span class='ocr_line' id='line_1_38' title="bbox 341 2544 1848 2593; baseline 0.003 -15"><span class='ocrx_word' id='word_1_418' title='bbox 341 2549 475 2589; x_wconf 84' lang='grc' dir='ltr'>πρῶτον</span> <span class='ocrx_word' id='word_1_419' title='bbox 495 2545 529 2578; x_wconf 81' lang='grc' dir='ltr'>ἐκ</span> <span class='ocrx_word' id='word_1_420' title='bbox 548 2546 710 2589; x_wconf 80' lang='grc' dir='ltr'>διαβολῆς</span> <span class='ocrx_word' id='word_1_421' title='bbox 735 2545 951 2590; x_wconf 84' lang='grc' dir='ltr'>εἰλημμένον]</span> <span class='ocrx_word' id='word_1_422' title='bbox 974 2547 1026 2579; x_wconf 80' lang='grc' dir='ltr'>καὶ</span> <span class='ocrx_word' id='word_1_423' title='bbox 1045 2544 1203 2590; x_wconf 69' lang='grc' dir='ltr'>εἴληπται</span> <span class='ocrx_word' id='word_1_424' title='bbox 1228 2549 1267 2581; x_wconf 86' lang='grc' dir='ltr'>τὸ</span> <span class='ocrx_word' id='word_1_425' title='bbox 1287 2551 1421 2592; x_wconf 86' lang='grc' dir='ltr'>πρῶτον</span> <span class='ocrx_word' id='word_1_426' title='bbox 1441 2549 1618 2593; x_wconf 89' lang='grc' dir='ltr'>προοίμιον</span> <span class='ocrx_word' id='word_1_427' title='bbox 1634 2552 1667 2583; x_wconf 81' lang='grc' dir='ltr'>ἐκ</span> <span class='ocrx_word' id='word_1_428' title='bbox 1687 2549 1848 2593; x_wconf 81' lang='grc' dir='ltr'>διαβολῆς</span> 
     </span>
     <span class='ocr_line' id='line_1_39' title="bbox 342 2607 1848 2656; baseline 0.003 -14"><span class='ocrx_word' id='word_1_429' title='bbox 342 2607 433 2643; x_wconf 85' lang='lat' dir='ltr'><strong>T.C.</strong></span> <span class='ocrx_word' id='word_1_430' title='bbox 546 2617 606 2655; x_wconf 78' lang='grc'>25.</span> <span class='ocrx_word' id='word_1_431' title='bbox 629 2607 745 2654; x_wconf 84' lang='grc' dir='ltr'>μέρος]</span> <span class='ocrx_word' id='word_1_432' title='bbox 769 2608 870 2654; x_wconf 80' lang='grc' dir='ltr'>μέρος</span> <span class='ocrx_word' id='word_1_433' title='bbox 890 2609 986 2642; x_wconf 85' lang='grc' dir='ltr'>ἐστὶν</span> <span class='ocrx_word' id='word_1_434' title='bbox 1004 2608 1096 2644; x_wconf 85' lang='lat' dir='ltr'><strong>T.C.</strong></span> <span class='ocrx_word' id='word_1_435' title='bbox 1222 2611 1281 2645; x_wconf 83' lang='lat'>28.</span> <span class='ocrx_word' id='word_1_436' title='bbox 1298 2611 1402 2656; x_wconf 63' lang='grc' dir='ltr'>’Όρος</span> <span class='ocrx_word' id='word_1_437' title='bbox 1422 2612 1503 2645; x_wconf 83' lang='grc' dir='ltr'>κατὰ</span> <span class='ocrx_word' id='word_1_438' title='bbox 1524 2610 1810 2656; x_wconf 73' lang='grc' dir='ltr'>σύλληψιν--καὶ</span> <span class='ocrx_word' id='word_1_439' title='bbox 1830 2613 1848 2656; x_wconf 88' lang='grc' dir='ltr'>ἡ</span> 
     </span>
     <span class='ocr_line' id='line_1_40' title="bbox 342 2671 1846 2719; baseline 0.004 -15"><span class='ocrx_word' id='word_1_440' title='bbox 342 2671 527 2714; x_wconf 87' lang='grc' dir='ltr'>κατασκευὴ</span> <span class='ocrx_word' id='word_1_441' title='bbox 547 2672 601 2704; x_wconf 87' lang='grc' dir='ltr'>διὰ</span> <span class='ocrx_word' id='word_1_442' title='bbox 620 2673 681 2704; x_wconf 80' lang='grc' dir='ltr'>τοῦ</span> <span class='ocrx_word' id='word_1_443' title='bbox 701 2671 827 2705; x_wconf 89' lang='grc' dir='ltr'>δικαίου</span> <span class='ocrx_word' id='word_1_444' title='bbox 850 2673 901 2718; x_wconf 89' lang='lat' dir='ltr'>(p.</span> <span class='ocrx_word' id='word_1_445' title='bbox 921 2672 1009 2719; x_wconf 78' lang='grc'><strong>528,</strong></span> <span class='ocrx_word' id='word_1_446' title='bbox 1031 2672 1126 2718; x_wconf 84' lang='grc'><strong>10.)]</strong></span> <span class='ocrx_word' id='word_1_447' title='bbox 1160 2672 1255 2708; x_wconf 81' lang='lat' dir='ltr'>Haec</span> <span class='ocrx_word' id='word_1_448' title='bbox 1276 2674 1410 2708; x_wconf 78' lang='lat' dir='ltr'><strong>absunt</strong></span> <span class='ocrx_word' id='word_1_449' title='bbox 1430 2674 1474 2709; x_wconf 77' lang='lat' dir='ltr'>ab</span> <span class='ocrx_word' id='word_1_450' title='bbox 1495 2674 1690 2709; x_wconf 83' lang='lat' dir='ltr'><strong>T.C.G.D.</strong></span> <span class='ocrx_word' id='word_1_451' title='bbox 1740 2675 1782 2709; x_wconf 88' lang='lat' dir='ltr'>In</span> <span class='ocrx_word' id='word_1_452' title='bbox 1799 2675 1846 2710; x_wconf 87' lang='lat' dir='ltr'>Y.</span> 
     </span>
     <span class='ocr_line' id='line_1_41' title="bbox 343 2733 1848 2784; baseline 0.003 -16"><span class='ocrx_word' id='word_1_453' title='bbox 343 2733 421 2768; x_wconf 77' lang='lat' dir='ltr'>sola</span> <span class='ocrx_word' id='word_1_454' title='bbox 436 2734 549 2769; x_wconf 83' lang='lat' dir='ltr'><strong>verba</strong></span> <span class='ocrx_word' id='word_1_455' title='bbox 562 2733 666 2780; x_wconf 82' lang='grc' dir='ltr'>Ὅρος</span> <span class='ocrx_word' id='word_1_456' title='bbox 686 2735 767 2768; x_wconf 84' lang='grc' dir='ltr'>κατὰ</span> <span class='ocrx_word' id='word_1_457' title='bbox 784 2733 964 2780; x_wconf 75' lang='grc' dir='ltr'>σύλληψιν</span> <span class='ocrx_word' id='word_1_458' title='bbox 979 2735 1025 2770; x_wconf 81' lang='lat' dir='ltr'>ab</span> <span class='ocrx_word' id='word_1_459' title='bbox 1041 2747 1152 2770; x_wconf 81' lang='lat' dir='ltr'><strong>manu</strong></span> <span class='ocrx_word' id='word_1_460' title='bbox 1173 2737 1322 2783; x_wconf 80' lang='lat' dir='ltr'><strong>antiqua</strong></span> <span class='ocrx_word' id='word_1_461' title='bbox 1339 2737 1486 2783; x_wconf 72' lang='lat' dir='ltr'><strong>scripta,</strong></span> <span class='ocrx_word' id='word_1_462' title='bbox 1504 2738 1695 2784; x_wconf 81' lang='lat' dir='ltr'><strong>sequentia</strong></span> <span class='ocrx_word' id='word_1_463' title='bbox 1712 2740 1848 2784; x_wconf 83' lang='grc' dir='ltr'>λέγεται</span> 
     </span>
     <span class='ocr_line' id='line_1_42' title="bbox 343 2794 1849 2846; baseline 0.003 -16"><span class='ocrx_word' id='word_1_464' title='bbox 343 2796 619 2831; x_wconf 75' lang='grc' dir='ltr'>δέ-ὑπεύθυνον</span> <span class='ocrx_word' id='word_1_465' title='bbox 638 2794 719 2831; x_wconf 72' lang='grc' dir='ltr'>εἶναι</span> <span class='ocrx_word' id='word_1_466' title='bbox 739 2797 784 2832; x_wconf 84' lang='lat' dir='ltr'>ab</span> <span class='ocrx_word' id='word_1_467' title='bbox 805 2798 1009 2834; x_wconf 75' lang='lat' dir='ltr'><strong>recentiore</strong></span> <span class='ocrx_word' id='word_1_468' title='bbox 1036 2799 1161 2834; x_wconf 79' lang='lat' dir='ltr'><strong>addita</strong></span> <span class='ocrx_word' id='word_1_469' title='bbox 1187 2805 1284 2835; x_wconf 81' lang='lat' dir='ltr'><strong>sunt.</strong></span> <span class='ocrx_word' id='word_1_470' title='bbox 1344 2800 1537 2835; x_wconf 76' lang='lat' dir='ltr'><strong>Postrema</strong></span> <span class='ocrx_word' id='word_1_471' title='bbox 1559 2802 1598 2834; x_wconf 85' lang='grc' dir='ltr'>τὸ</span> <span class='ocrx_word' id='word_1_472' title='bbox 1618 2802 1849 2846; x_wconf 85' lang='grc' dir='ltr'>προοίμιον-</span> 
     </span>
     <span class='ocr_line' id='line_1_43' title="bbox 344 2859 1846 2909; baseline 0.004 -16"><span class='ocrx_word' id='word_1_473' title='bbox 344 2859 470 2893; x_wconf 85' lang='grc' dir='ltr'>δικαίου</span> <span class='ocrx_word' id='word_1_474' title='bbox 491 2872 565 2895; x_wconf 91' lang='lat' dir='ltr'>non</span> <span class='ocrx_word' id='word_1_475' title='bbox 584 2860 760 2907; x_wconf 87' lang='lat' dir='ltr'><strong>leguntur</strong></span> <span class='ocrx_word' id='word_1_476' title='bbox 780 2860 815 2895; x_wconf 86' lang='lat' dir='ltr'>in</span> <span class='ocrx_word' id='word_1_477' title='bbox 837 2861 883 2896; x_wconf 92' lang='lat' dir='ltr'>Y.</span> <span class='ocrx_word' id='word_1_478' title='bbox 943 2862 984 2896; x_wconf 87' lang='lat' dir='ltr'>In</span> <span class='ocrx_word' id='word_1_479' title='bbox 1007 2863 1049 2897; x_wconf 89' lang='lat' dir='ltr'>R.</span> <span class='ocrx_word' id='word_1_480' title='bbox 1070 2862 1148 2897; x_wconf 83' lang='lat' dir='ltr'>haec</span> <span class='ocrx_word' id='word_1_481' title='bbox 1168 2863 1354 2909; x_wconf 85' lang='lat' dir='ltr'><strong>leguntur,</strong></span> <span class='ocrx_word' id='word_1_482' title='bbox 1374 2863 1506 2898; x_wconf 81' lang='grc' dir='ltr'>Ἰστέον</span> <span class='ocrx_word' id='word_1_483' title='bbox 1525 2863 1576 2898; x_wconf 84' lang='grc' dir='ltr'>ὅτι</span> <span class='ocrx_word' id='word_1_484' title='bbox 1596 2866 1713 2909; x_wconf 78' lang='grc' dir='ltr'>ὁρικῶς</span> <span class='ocrx_word' id='word_1_485' title='bbox 1732 2864 1846 2909; x_wconf 84' lang='grc' dir='ltr'>τέμνε-</span> 
     </span>
    </p>
   </div>
  </div>
 </body>
</html>
