1987 3262
715 515 1309 577 ADDENDA.

310 809 492 845 PRAEFAT.
524 822 558 856 p.
585 822 646 844 xv,
697 809 800 852 Quas
828 809 863 843 in
891 809 1133 845 annotatione
1161 810 1363 846 memoravi
1389 811 1504 857 ἑτέρας
1529 811 1585 853 (ut
1609 810 1646 845 in
1669 810 1772 846 libris

252 874 361 909 editis
381 874 531 909 inscribi
551 874 688 918 solent)
711 873 921 909 orationum
942 872 1173 919 quarundam
1196 872 1388 912 ὑποθέσεις,
1409 872 1588 919 leguntur
1609 873 1647 907 in
1667 872 1770 908 codi-

252 937 355 973 cibus
386 938 524 973 nostris
553 937 767 980 T.C.D.G.‚
800 949 956 984 quorum
989 949 1101 983 quum
1133 948 1202 970 nec
1234 937 1408 972 Bekkcro
1442 950 1510 972 nec
1545 937 1636 972 mihi
1667 937 1774 984 copia

250 1001 363 1036 fucrit
392 1013 504 1048 quum
532 1001 827 1036 Demosthenem
855 1000 1060 1039 ederemus,
1090 999 1151 1033 hic
1179 1000 1362 1046 potiorem
1393 1001 1584 1047 scripturae
1615 1000 1769 1035 diversi-

250 1070 380 1107 tatem,
403 1078 483 1112 quae
508 1065 634 1100 multis
654 1065 691 1099 in
712 1065 803 1100 locis
826 1068 979 1112 praestat
1000 1063 1174 1111 vulgatae,
1195 1064 1372 1099 exhibere
1399 1064 1539 1111 placuit
1568 1065 1772 1100 secundum

252 1129 425 1164 editionis
442 1129 651 1164 Reiskianae
668 1128 889 1176 paginarum
906 1139 1153 1174 versuumque
1170 1140 1357 1163 numeros.
1392 1127 1544 1164 Codicis
1560 1128 1609 1163 D.
1627 1141 1710 1164 cum
1726 1129 1770 1164 T.

252 1198 289 1228 et
309 1193 446 1229 codicis
468 1193 516 1228 G.
537 1206 621 1228 cum
643 1193 684 1228 C.
707 1205 929 1228 consensum
950 1192 1169 1239 plerumque
1190 1192 1372 1227 omittam.

304 1257 345 1292 P.
371 1269 458 1304 223,
481 1267 540 1304 17.
565 1257 696 1303 πλήθη]
722 1258 854 1301 πλῆθος
873 1257 916 1292 Τ.
939 1261 1130 1291 correctus
1159 1261 1196 1290 et
1219 1256 1263 1290 C.
1438 1255 1494 1291 18.
1524 1257 1767 1303 ἐπιθυμοῦντα]

251 1322 408 1366 ἐπιθυμία
427 1321 521 1356 T.C.
660 1332 716 1367 19.
739 1321 941 1366 ἐφίσταται]
967 1321 1146 1355 ἐπίσταται
1165 1319 1208 1354 Τ.
1349 1331 1410 1364 24.
1432 1320 1468 1353 δέ
1488 1319 1623 1363 ταύτης,
1645 1323 1770 1366 φησὶν,

249 1388 268 1419 ὁ
284 1385 503 1430 Δημοσθένης
518 1384 689 1430 ἐδεδώκει]
708 1385 744 1418 δέ
760 1384 884 1420 ταύτας
899 1385 1045 1424 δεδώκει,
1062 1385 1184 1429 φησὶν,
1202 1385 1219 1417 ὁ
1235 1383 1445 1427 δημοσθένης
1457 1383 1499 1418 Τ.
1575 1385 1633 1420 28.
1651 1387 1767 1432 πνυκὶ]

249 1451 348 1484 πυκνὶ
369 1448 415 1485 Τ,
428 1448 473 1484 C.

302 1513 342 1548 P.
365 1524 454 1558 224,
472 1524 508 1560 9.
528 1513 775 1560 τυγχάνοντος]
796 1515 854 1557 τῆς
872 1514 1045 1548 πολιτείας
1063 1525 1084 1548 a
1101 1525 1151 1548 m.
1170 1512 1323 1559 antiqua
1340 1512 1438 1547 inter
1454 1524 1583 1547 versus
1604 1513 1772 1548 additum

248 1578 283 1612 in
305 1577 348 1613 T.
468 1588 528 1612 20.
550 1577 602 1622 ἐν]
628 1577 668 1610 ἂν
686 1576 776 1611 T.C.
898 1587 958 1621 23.
978 1577 1259 1622 ἀποκρινόμενος]
1285 1577 1548 1621 ὑποκρινόμενος
1567 1576 1661 1613 T.C.

303 1642 342 1676 P.
364 1651 455 1689 452,
474 1648 535 1689 15.
556 1641 719 1687 γράφειν]
743 1642 871 1687 γράφει
890 1641 981 1676 T.C.
1136 1652 1198 1676 21.
1221 1639 1546 1687 λειτουργήσαντες]
1572 1641 1772 1687 λειτουργή-

249 1720 370 1741 σοντες
388 1705 476 1740 T.C.
498 1709 539 1739 ut
559 1705 770 1752 conjecerat
799 1705 847 1739 H.
867 1705 1040 1740 Wolfius.

303 1770 343 1804 P.
364 1777 455 1817 453,
478 1777 509 1816 7.
530 1767 695 1814 Λεπτίνῃ]
719 1769 860 1812 λεπτίνη
883 1769 969 1815 (Sic)
991 1768 1088 1803 T.C.
1258 1779 1315 1802 11.
1342 1772 1407 1802 τῶν
1431 1769 1559 1814 νόμων]
1581 1769 1642 1803 τὸν
1666 1771 1770 1814 νόμον

248 1834 346 1870 T.C.
517 1843 576 1877 13.
604 1833 664 1866 τὸν
688 1844 761 1867 om.
785 1832 883 1867 T.C.
1054 1840 1110 1878 17.
1138 1832 1221 1866 κατὰ
1247 1835 1308 1866 τοῦ
1334 1833 1437 1872 νόμου
1462 1833 1518 1878 π.]
1543 1847 1580 1869 π.
1603 1835 1686 1868 κατὰ
1709 1838 1769 1869 τοῦ

249 1901 351 1944 νόμου
371 1897 466 1933 T.C.
644 1908 704 1932 22.
731 1895 963 1941 λειτουργοὺς,
989 1897 1041 1930 καὶ
1066 1895 1135 1942 ὅτι]
1166 1895 1263 1932 Haec
1289 1896 1341 1932 sic
1367 1902 1452 1932 sunt
1476 1897 1769 1945 redintegranda

249 1976 295 2000 ex
328 1962 427 1999 T.C.
496 1961 727 2007 λειτουργοὺς,
759 1961 850 1994 ἀλλὰ
880 1961 933 1994 καὶ
962 1963 1009 2007 τῷ
1040 1960 1165 2007 δικαίῳ
1207 1962 1260 1994 καὶ
1290 1963 1337 2008 τῷ
1365 1962 1427 2005 μὲν
1458 1961 1673 2007 συμφέροντι
1704 1961 1766 1997 ὅτι.

251 2041 270 2063 2
276 2039 312 2074 3.
334 2026 426 2072 ὑμῖν]
450 2026 527 2070 ἡμῖν
548 2024 640 2060 T.C.
661 2029 703 2059 ut
722 2023 848 2071 vulgo.
966 2036 1024 2070 25.
1046 2024 1136 2058 ἀλλὰ
1157 2025 1209 2058 καὶ
1229 2028 1276 2072 τῷ
1296 2026 1411 2072 δικαίῳ
1431 2025 1476 2060 ab
1497 2025 1767 2072 interpolatore

247 2092 423 2140 positum,
446 2090 507 2137 qui
533 2089 703 2124 lacunam
731 2101 765 2123 V.
791 2099 851 2123 22.
881 2100 955 2122 non
982 2087 1316 2123 animadvertisset.
1381 2088 1631 2124 Scribendum
1657 2093 1704 2137 τῷ
1730 2091 1767 2124 δέ

248 2155 363 2203 δικαίῳ
382 2167 428 2190 eX
448 2153 541 2188 T.C.
673 2152 721 2187 ib.
745 2152 797 2186 ὅτι
817 2153 926 2186 δεινόν
947 2152 1037 2198 ἐστι]
1065 2151 1151 2187 Hoc
1171 2164 1317 2200 quoque
1337 2157 1477 2188 temere
1498 2153 1765 2200 interpolatum

247 2233 316 2269 pro
336 2219 388 2253 ὅτι
408 2219 467 2252 οὐκ
486 2218 574 2260 ἔστι,
596 2216 697 2264 quod
721 2215 992 2251 restituendum
1016 2228 1064 2251 ex
1083 2215 1180 2252 T.C.
1351 2215 1410 2252 28.
1437 2217 1582 2264 νομίμῳ]
1609 2219 1700 2265 νόμῳ
1720 2216 1765 2252 Τ·

248 2285 364 2324 solus,
386 2282 451 2318 sed
472 2281 722 2329 superscripto
742 2280 881 2327 νομίμῳ.

302 2347 341 2383 Ρ.
362 2355 455 2393 454,
477 2355 535 2392 15.
568 2344 720 2390 δωρεῶν]
756 2344 907 2388 ἀμοιβῶν
939 2343 1231 2390 superscriptum
1264 2343 1301 2377 in
1327 2342 1442 2383 T.D.‚
1470 2343 1567 2379 unde
1595 2344 1633 2379 in
1660 2349 1767 2380 textu

248 2412 388 2447 habent
408 2410 505 2447 C.G.
637 2408 693 2443 16.
716 2408 809 2453 ὑμῖν]
834 2408 910 2451 ἡμῖν
929 2407 970 2442 T.
991 2419 1013 2442 a
1031 2420 1084 2454 pr.
1105 2420 1155 2442 m.
1178 2412 1215 2443 et
1235 2407 1378 2443 C.D.G.
1508 2408 1566 2443 18.
1588 2409 1648 2442 τὸν
1668 2411 1767 2443 σῖτον

247 2476 341 2523 ὑμῖν]
366 2476 443 2519 ὑμῖν
465 2474 558 2519 (ἡμῖν
579 2484 760 2520 superscr.
781 2472 818 2506 in
839 2471 898 2516 T.)
921 2472 979 2505 τὸν
999 2473 1097 2505 σῖτον
1116 2470 1206 2506 T.C.
1335 2471 1396 2505 28.
1418 2472 1519 2515 φησι,
1541 2472 1649 2506 δεινόν
1668 2472 1760 2517 ἐστι]

247 2540 356 2585 φησὶν
375 2539 451 2573 ἐστὶ
470 2538 579 2572 δεινὸν
597 2536 691 2571 T.C.

302 2601 346 2637 Ρ.
367 2610 459 2649 455,
478 2612 513 2648 5.
541 2599 794 2646 κατασκευάζει]
820 2601 1128 2647 συγκατασκευάζει
1149 2597 1250 2633 T.C.
1392 2608 1453 2641 23.
1479 2598 1533 2631 διὰ
1556 2600 1656 2631 τοῦτο
1680 2599 1764 2631 πάν-

246 2666 328 2712 των]
357 2666 411 2700 διὰ
436 2667 537 2699 τοῦτο
562 2667 736 2709 πανταχοῦ
761 2664 868 2706 T.C.,
890 2677 963 2711 quo
987 2663 1166 2699 evertitur
1195 2661 1243 2696 H.
1265 2660 1393 2695 &Volfii
1421 2661 1637 2708 conjectura
1663 2663 1765 2696 τοῦτο

247 2732 302 2765 διὰ
320 2731 465 2764 πάντων.
580 2728 637 2763 28.
657 2728 782 2771 μηδένα
801 2728 923 2775 ἀτελῆ]
948 2729 1050 2771 ἀτελῆ
1071 2727 1194 2770 μηδένα
1213 2725 1306 2760 T.C.

302 2793 342 2828 P.
365 2792 455 2840 456,
476 2804 533 2826 10.
556 2793 614 2825 τὸν
634 2792 753 2838 νόμον]
778 2794 826 2839 τῷ
845 2794 935 2840 νόμῳ
954 2791 1047 2826 T.C.

302 2857 342 2892 P.
365 2864 455 2904 510,
475 2867 508 2891 2.
529 2855 636 2901 παρὰ]
660 2854 739 2901 παρ’
760 2855 853 2891 T.C.
976 2866 1014 2899 3.
1036 2853 1091 2900 ἦν]
1117 2852 1203 2896 ἦσαν
1222 2851 1316 2888 T.C.
1439 2864 1474 2900 5.
1496 2852 1662 2898 ἐτελεῖτο]
1687 2853 1763 2887 ε’πε-
