1987 3262
276 157 361 196 828

279 267 367 308 751⁹
386 271 399 295 1
411 269 444 307 5·
464 258 591 306 γνώμῃ]
611 259 738 305 ’γνώμην

280 322 325 360 75
337 324 350 348 1
361 340 369 353 ,
384 323 404 347 2
416 324 429 347 Ι
439 338 446 346 .
467 316 509 353 εἷς
526 311 671 358 ὕστερον]
696 312 875 357 εἷσῦστερον

281 374 370 413 752,
388 364 423 400 6.
444 369 497 399 τοῦ
517 376 593 398 om.

281 426 368 464 755,
390 429 421 451 1.
442 416 632 465 σοφίζεται]
654 412 800 456 ”Αλλως.
821 417 994 462 σοφιζεται

282 469 370 517 760,
397 480 411 504 1
427 480 456 504 1.
499 468 664 517 θρυλήσει]
718 467 888 513 θρυλλῆσει
937 466 1005 513 (Sic

330 521 442 557 etiam
461 521 505 557 T.
527 521 588 568 qui
607 519 693 555 alibi
713 519 870 566 simplici
889 521 942 565 λ).

280 574 369 620 760,
386 585 448 620 23.
470 573 664 619 διειλέχθαι]
687 573 855 617 διηλέχθαι

281 626 369 674 760,
387 639 448 672 24.
467 627 679 673 παραχωρῶν]
703 627 901 673 παραχωρεῖν

283 678 370 726 762,
389 691 449 724 24.
470 677 583 723 ἑαυτὸ]
605 679 718 713 ἑαυτὶν

281 730 370 779 765,
385 743 443 778 13.
459 731 730 777 ὃεσμοφυλάκων]
755 730 1009 776 θεσμοφυλάκων

281 783 370 831 765,
391 783 451 820 16.
471 783 597 830 δυνηθῇ]
621 784 733 824 δυνηθῶ

281 835 370 882 767,
387 837 421 872 8.
441 835 704 880 καταλιμπάνει]
728 836 991 879 καταλιμπάνειν

281 897 370 934 770,
389 899 449 934 14.
467 887 530 932 τῷ]
554 890 588 922 τὸ

281 948 370 987 771,
390 953 408 976 2
420 952 432 975 1
443 968 451 975 .
471 939 789 988 παρεσκευασμένος]
820 953 1009 986 παρασκευ-

332 993 470 1038 ασμένος

282 1053 370 1092 771,
386 1044 449 1081 28.
468 1043 607 1092 ὀφείλει]
637 1046 690 1082 Εἷς
708 1046 743 1078 τὸ
763 1043 853 1079 αὐτό.
874 1046 995 1092 ὀφείλει

281 1106 372 1146 775,
393 1098 448 1133 18.
468 1097 629 1142 ἀδικοῦσι]
653 1099 684 1130 οὐ
704 1098 824 1131 δοκοῦσι

283 1158 371 1198 775,
389 1162 447 1186 22.
467 1149 584 1194 δοκοῦν]
609 1151 706 1184 δοκεῖν

284 1204 372 1251 776,
388 1204 422 1238 8.
445 1202 575 1250 θρυλεῖ]
598 1203 729 1248 θρυλλεῒ

283 1255 372 1303 776,
391 1267 449 1301 24.
482 1254 556 1300 οὐχ]
588 1252 729 1296 ἸΛλλως.
768 1257 838 1300 οὐχ,
870 1254 1011 1290 omisso

334 1309 523 1344 lemmate.

547 150 875 193 LEOTIONES
907 149 1214 192 EDITIONIS
1246 150 1514 192 ALDINAE.

1064 265 1152 305 777,
1175 256 1211 293 8.
1238 255 1347 304 ὥρισε]
1382 256 1484 305 ὥρισε.
1531 258 1586 292 καὶ
1617 261 1670 293 οὐκ
1706 256 1788 293 ἀπέ-

1113 324 1230 356 χρησεν
1267 309 1341 356 ὑπὲρ
1378 314 1439 344 τῶν
1477 310 1656 356 μελλόντων
1701 310 1790 356 (hoc

1114 362 1252 397 lemma
1270 364 1357 406 est).
1379 363 1481 408 τρίτος
1495 363 1586 403 τόπος
1600 361 1683 403 οὗτος
1697 364 1790 397 κατὰ

1116 414 1150 449 τὸ
1167 416 1318 450 ἐναντίον.
1351 413 1448 450 Sunt
1460 415 1540 450 haec
1555 427 1639 463 pars
1660 414 1791 450 scholii

1115 466 1213 513 quod
1239 466 1287 502 V.
1313 467 1409 502 infra
1432 467 1545 503 habet
1572 480 1605 516 p.
1625 467 1712 514 778,
1730 479 1790 502 11.

1114 531 1199 553 cum
1218 518 1288 554 alio
1307 519 1496 556 lemmate.

1064 579 1152 619 777,
1169 580 1231 614 27.
1253 573 1352 618 αὐτὴ]
1377 573 1459 616 αὕτη

1066 624 1154 672 778,
1174 635 1232 658 22.
1252 625 1396 670 λιποῦσι]
1419 630 1561 660 λειποῧσι
1584 625 1669 671 (sic)

1066 676 1155 724 789,
1176 688 1236 711 20.
1259 675 1355 723 ᾧπερ]
1380 676 1482 725 ὥσπερ

1068 739 1156 777 791,
1177 739 1209 763 2.
1229 728 1308 776 μὲν]
1331 728 1390 774 μὲν
1407 731 1470 776 Ιγὰρ

1067 789 1155 829 791,
1176 793 1233 816 10.
1254 780 1430 826 ἰδιωτικῶν]
1454 784 1554 817 ι’ὃικῶν

1067 843 1155 882 791,
1173 845 1188 868 1
1203 845 1215 868 1
1227 860 1234 868 .
1254 834 1439 879 ἐδάνεισαν]
1463 837 1622 877 ἐδάνησαν

1066 897 1155 934 791,
1173 898 1235 933 29.
1256 886 1369 932 αὐτὸν]
1394 887 1484 921 αὐτοὶ

1067 949 1156 986 793,
1177 951 1188 974 1
1206 951 1233 973 1.
1253 939 1378 985 ἐκφύοι]
1402 942 1481 973 ἀλλ’
1501 938 1567 974 οὐδὲ
1587 939 1718 986 σπέρμα
1737 941 1787 975 δεῖ

1066 1002 1154 1039 794,
1171 1000 1204 1037 5.
1224 990 1350 1037 ἄγοντα
1369 1003 1442 1025 om.

1067 1054 1155 1092 794,
1172 1043 1207 1079 8.
1238 1048 1291 1078 τοῦ
1321 1042 1396 1089 μὲν]
1430 1044 1466 1078 τὸ
1495 1043 1528 1079 δὲ
1557 1048 1612 1079 τοῦ
1637 1043 1696 1088 μὲν
1722 1043 1794 1089 (Sic

1117 1097 1230 1132 etiam
1248 1096 1463 1141 T.C.D.G.)

1068 1149 1309 1197 797,13·δὲ]
1335 1150 1369 1192 δὴ

1068 1202 1156 1242 801,
1179 1213 1236 1237 11.
1258 1202 1419 1248 τοσοῧτον]
1444 1206 1579 1236 τοιοῦτον

1069 1256 1158 1300 804,
1176 1265 1237 1301 29.
1258 1255 1313 1289 καὶ
1333 1255 1394 1299 μὴν
1418 1257 1446 1289 εἶ
1472 1255 1592 1288 αὐτίκα
1616 1254 1651 1298 δὴ
1675 1254 1791 1300 μάλα]

1120 1308 1174 1343 καὶ
1194 1308 1255 1352 μὴν
1270 1309 1390 1342 αὐτίκα
1408 1307 1463 1342 καῖ
1481 1309 1580 1352 μάλα
