1987 3262
784 181 817 218 A
828 179 1096 220 DDENDA.
1613 184 1695 221 853

179 302 234 321 ται
260 287 299 320 τὸ
325 286 433 332 παρὸν
454 285 591 329 ζήτημα.
619 285 671 319 ὅτι
697 287 733 320 δέ
753 285 859 322 οὕτως
878 289 947 332 ἕχει
967 289 1019 321 καὶ
1039 289 1056 321 ὁ
1075 288 1278 334 Ἑρμογένης
1298 289 1408 333 φησὶν
1427 289 1461 321 ἐν
1481 286 1530 324 οἷς
1550 289 1693 332 διαλαμ,

179 351 276 390 βιὶνει
304 351 381 394 περὶ
406 351 679 394 προκατασκευῆς
709 349 743 383 ἐν
762 353 801 392 τῇ
832 352 944 395 τέχνῃ.
974 352 1013 383 τὺ
1039 350 1218 396 προοίμιον
1237 351 1303 385 ἀπὸ
1328 354 1388 385 τοῦ
1413 350 1593 392 ἀντιδίκου,
1615 353 1633 384 ὁ
1660 352 1695 385 δὲ

178 415 283 459 λόγος
303 413 350 447 δι’
371 414 443 448 ἑνὸς
463 411 571 448 ε’ίδους
586 414 783 459 προάγεται,
802 417 874 457 ἤτοι
894 416 1072 450 δικανικοῦ.
1096 414 1219 448 τούτου
1239 417 1305 461 γὰρ
1320 417 1372 449 καὶ
1391 416 1430 449 τὸ
1451 415 1554 450 τέλος
1570 414 1697 449 δίκαιον

182 478 274 521 (non
295 478 334 510 τὸ
354 475 480 510 δίκαιον
499 481 539 511 ut
559 476 689 523 vulgo)
711 479 763 510 καὶ
784 477 801 520 ἡ
823 479 1010 522 κατασκευὴ
1030 480 1085 512 διὰ
1104 481 1164 512 τοῦ
1184 479 1324 513 δικαίου.

236 539 279 575 Ρ.
299 539 389 587 588,
410 551 469 575 20.
491 543 569 573 τότε
588 541 681 586 περὶ]
707 542 783 574 τότε
809 543 912 585 μόνον
931 542 1007 587 περὶ
1026 541 1116 577 T.C.
1259 553 1319 587 24.
1342 541 1394 576 ὅτι
1413 543 1444 575 οἱ
1467 542 1524 585 (ut
1542 541 1695 577 Jurinus

181 604 406 652 conjecerat)
429 615 496 650 pro
517 603 569 637 ὅτι
589 605 641 637 καὶ
660 603 751 638 T.C.

235 667 274 702 P.
293 667 382 715 589,
404 676 461 714 17.
488 668 666 714 τριάκοντα
692 669 744 701 καὶ
763 666 894 714 τρίτον]
929 667 973 702 In
993 667 1084 703 T.C.
1117 671 1138 702 λ
1168 680 1251 703 cum
1282 668 1504 715 compendio
1533 669 1694 715 quodam

181 730 240 765 cui
270 730 350 765 duae
380 730 524 765 lineolae
555 731 811 778 supcrscriptae
830 729 885 766 ¹1:
916 743 987 777 quo
1013 731 1214 778 significari
1240 734 1261 765 λ
1289 733 1341 766 καὶ
1366 732 1471 776 ἥμισυ
1497 745 1542 767 ox
1564 745 1607 767 eo
1629 745 1693 779 ap-

178 799 283 841 paret
309 794 409 841 quod
429 794 523 829 infra
542 807 578 829 v.
597 806 656 841 23.
681 807 747 841 pro
772 796 974 829 εἷκοσιεννέα
999 795 1104 839 ἥμισυ
1131 795 1169 830 in
1191 794 1283 830 T.C.
1304 795 1482 842 scripturn
1502 797 1543 830 κθ
1568 795 1695 831 addito

181 857 312 892 eodem
342 857 405 892 illo
426 858 660 904 compendio.
720 858 894 892 Ceterum
924 859 1067 894 numeri
1096 871 1162 906 per
1190 864 1311 895 totum
1341 859 1439 894 hunc
1468 859 1590 894 locum
1621 872 1695 894 non

181 921 289 967 plene
320 921 459 967 scripti,
490 921 555 957 sed
585 921 673 956 solis
702 921 817 956 litoris
847 923 1008 969 expressi
1039 928 1137 958 sunt.
1280 922 1339 957 28.
1369 923 1516 968 τριετίαν
1534 923 1625 959 T.C.
1658 929 1698 958 ut

183 984 394 1020 Schaeferus
415 991 628 1020 correxerat
649 998 715 1032 pro
737 985 913 1031 τριετείαν.

235 1050 276 1085 Ρ.
294 1057 384 1098 590,
404 1062 436 1084 2.
459 1049 486 1083 δ’
509 1050 648 1096 ἡμέρας]
675 1050 736 1085 Sic
757 1050 868 1085 etiam
888 1050 992 1091 T.C.,
1013 1051 1083 1086 nisi
1104 1052 1200 1098 quod
1211 1042 1345 1087 ἴσασι
1362 1051 1499 1087 lineola
1519 1051 1696 1097 scriptum

181 1117 222 1148 ut
243 1113 349 1148 solet.
379 1125 389 1148 1
407 1125 435 1148 1.
458 1114 636 1159 τριάκοντα
656 1114 771 1160 πέντε]
794 1104 917 1155 ff's‘„
938 1115 1044 1150 litera
1064 1131 1078 1149 ε
1095 1128 1115 1150 a
1136 1128 1182 1149 m.
1211 1115 1362 1162 antiqua
1382 1115 1519 1150 addita.
1636 1125 1697 1159 14.

180 1176 261 1211 ἀλλ’
283 1177 463 1220 ἐπειδὴ-
478 1179 555 1220 μιᾶς
574 1177 712 1222 ἡμέρας]
736 1176 813 1211 ἀλλ’
836 1178 949 1221 ἐπειδὴ
976 1179 1080 1211 πάλιν
1099 1179 1225 1212 πολλοὶ
1255 1179 1300 1214 εἷς
1328 1180 1366 1213 τὸ
1393 1179 1509 1224 ἰίρχειν
1527 1178 1594 1221 ἅμα
1617 1178 1701 1222 (ἅμα

181 1252 254 1275 om.
273 1240 384 1283 C.G.)
402 1241 433 1274 οἱ
453 1241 529 1274 δέκα
549 1241 630 1274 κατὰ
650 1242 774 1285 κλῆρον
790 1238 836 1276 εἷς
852 1240 932 1286 ἦρχε
948 1243 1026 1284 μιᾶς
1042 1241 1163 1286 ἡμέρας
1175 1241 1290 1277 T.C.1
1383 1243 1417 1277 8.
1439 1243 1510 1276 τοῖς
1529 1241 1695 1287 ι’ίρχουσι]

181 1304 260 1339 τοὺς
278 1304 402 1349 ὄρχους
425 1303 509 1348 (sic)
533 1302 580 1337 T.
602 1304 680 1339 τοὺς
700 1303 866 1349 ἶίρχοντας
888 1304 932 1339 C.

239 1366 281 1401 P.
300 1376 390 1414 591,
410 1378 468 1401 11.
495 1368 534 1401 τὸ
560 1367 693 1412 μαθεῖν]
723 1370 783 1400 τοῦ
808 1368 925 1411 μαθεῖν
944 1367 1036 1403 T.C.
1162 1379 1222 1414 23.
1248 1368 1462 1414 διαφωνηθῂ]
1492 1368 1702 1412 διαφθονηθῇ

183 1429 378 1465 T.C.D.G.
401 1436 512 1465 recte.
572 1430 735 1464 Verbum
756 1442 831 1464 non
852 1430 1065 1476 infrequens
1086 1430 1122 1464 in
1148 1431 1390 1477 scriptoribus
1418 1430 1698 1471 recentioribus,

184 1505 341 1540 quorum
368 1493 540 1540 exempla
559 1506 591 1528 v.
613 1493 650 1528 in
671 1493 853 1528 Thesauri
881 1494 970 1529 edit.
992 1494 1106 1529 Paris.
1249 1506 1309 1539 24.
1338 1495 1530 1541 πράξαντα]
1555 1494 1703 1540 ἄρξαντα

183 1558 380 1594 T.C.D.G.
404 1563 444 1593 ut
458 1558 618 1593 Wolfius
639 1558 863 1605 conjecerat.
977 1558 1038 1593 26.
1069 1558 1272 1605 Ἀνδροτίων
1292 1560 1367 1605 ὅρα,
1384 1559 1420 1595 ὃς
1440 1560 1626 1605 ἡταίρηκεν,
1644 1560 1703 1592 οὐκ

183 1624 328 1670 ὤφειλε]
352 1624 536 1670 ἀνδροτίων
561 1624 750 1669 ἡταίρηκεν,
772 1625 831 1658 οὒκ
858 1623 1006 1669 ὤφειλεν
1024 1624 1088 1670 ἄρα
1110 1624 1152 1659 C.
1177 1624 1275 1671 quod
1301 1624 1521 1659 correctoris
1552 1625 1702 1672 conjec-

184 1692 277 1723 turae
307 1687 462 1722 debetur
486 1699 561 1722 non
589 1687 920 1723 animadvertentis
947 1687 983 1723 ὃς
1009 1693 1093 1723 ante
1114 1688 1288 1734 ἡταίρηκεν
1308 1688 1504 1729 excidisse,
1526 1688 1625 1734 quod
1645 1700 1701 1723 re-

186 1751 358 1787 stitutum
378 1750 416 1785 in
437 1751 494 1785 ed.
519 1750 633 1785 Paris.
655 1763 687 1786 a.
707 1759 822 1798 1570.

240 1815 279 1850 P.
298 1825 388 1862 592,
410 1825 467 1849 10.
502 1815 562 1848 τὸν
590 1815 696 1860 λόγον
716 1835 768 1840 ——
787 1813 997 1861 ἀντινομίαν]
1035 1816 1095 1850 τὸν
1123 1817 1229 1862 λόγον
1257 1817 1362 1850 εἰπεῖν
1393 1817 1609 1861 (προσειπεῖν
1635 1815 1699 1861 C.)

184 1878 417 1925 πραγματικὴν
436 1879 520 1923 πρὸς
540 1876 733 1921 ἀντινομίαν
751 1877 841 1912 T.C.
863 1882 974 1913 recte.

242 1940 286 1979 P.
305 1941 395 1988 619,
416 1952 475 1975 10.
498 1941 552 1975 διὰ
572 1945 671 1975 recte
693 1953 765 1974 om.
790 1940 879 1976 T.C.
1006 1953 1065 1986 14.
1088 1943 1227 1988 ξεναγὸς
1246 1941 1301 1988 ἧν]
1326 1943 1371 1976 ὢν
1391 1944 1531 1988 ξεναγὸς
1550 1942 1589 1986 ἧν
1607 1942 1700 1978 T.C.

189 2016 249 2039 21.
270 2006 428 2038 κατέλιπε
453 2006 511 2047 τῆς
530 2004 710 2043 βασιλείας
736 2004 898 2048 διάδοχον
918 2004 1198 2049 Κερσοβλέπτην,
1219 2004 1264 2050 εἷ]
1289 2005 1470 2039 κατέλιπεν
1488 2007 1560 2040 υἱὸν
1579 2020 1700 2052 κερσο-

184 2069 348 2114 βλέπτην,
370 2068 407 2105 ὃς
425 2068 517 2104 T.C.
672 2080 732 2114 23.
761 2068 954 2114 μερίσαιτο]
989 2069 1169 2115 ἐμερίσατο
1188 2069 1279 2104 T.C.
1432 2070 1492 2105 26.
1522 2069 1608 2116 δύω]
1643 2070 1703 2104 δύο

185 2132 280 2167 T.C.
330 2132 373 2167 In
395 2132 634 2181 sequentibus
654 2132 736 2167 libri
758 2131 912 2167 Parisini
931 2133 1148 2179 plerumque
1169 2145 1253 2168 cum
1273 2133 1401 2169 codice
1421 2133 1702 2169 Yindobonensi

188 2197 439 2232 consentiunt.

243 2261 282 2296 P.
302 2262 391 2302 620,
408 2272 445 2308 9.
475 2261 541 2294 ἀπὸ
567 2260 756 2306 Φιλίππου]
779 2260 815 2294 ἐκ
834 2263 894 2294 τοῦ
915 2261 1089 2306 φιλίππου
1108 2261 1199 2296 T.C.
1342 2273 1401 2310 15.
1434 2262 1614 2308 Θριάσιος]
1640 2261 1703 2297 Sic

188 2323 382 2360 T.C.D.G.
406 2330 446 2359 ut
467 2324 628 2359 Wolfius
648 2325 862 2371 conjecerat
885 2337 952 2370 pro
973 2324 1126 2371 vulgato
1148 2326 1290 2361 Θάσιος.
1405 2337 1464 2372 23.
1487 2327 1704 2372 τυγχάνωσιν

191 2387 342 2432 ἐπίδοξοι
360 2388 428 2434 καὶ]
451 2388 649 2434 τυγχάνωσι
669 2390 722 2422 καὶ
741 2389 891 2432 ἐπίδοξοι
911 2389 964 2422 καὶ
981 2388 1072 2423 T.C.
1186 2389 1246 2424 28.
1269 2388 1307 2433 ἢν
1321 2390 1510 2424 ἐπιπλέκων
1528 2389 1700 2435 ταράττει]

193 2450 255 2486 Sic
273 2450 479 2490 T.C.D.,G.
500 2451 569 2486 nisi
591 2451 690 2498 quod
708 2453 868 2498 ταράττη.

245 2515 286 2550 Ρ.
305 2514 394 2554 621,
413 2514 447 2550 6.
478 2516 747 2561 Ἀριστοκράτην
767 2528 840 2551 om.
862 2515 953 2550 T.C.
1094 2515 1129 2550 8.
1161 2515 1442 2561 Κερσοβλέπτης]
1467 2517 1704 2561 κερσοβλέπτῃ

193 2577 241 2613 Τ.
263 2590 310 2613 ex
328 2577 467 2612 librarii
486 2577 600 2624 ipsius
620 2578 861 2613 correctione.
892 2578 941 2613 Et
961 2578 1012 2613 sic
1033 2578 1076 2613 C.

249 2641 291 2676 P.
309 2640 397 2687 695,
417 2652 476 2675 21.
508 2641 713 2686 Γλαυκέτην]
739 2640 801 2675 Sic
826 2641 898 2676 hoc
924 2653 1061 2676 nomen
1087 2640 1147 2676 hic
1174 2646 1211 2676 et
1231 2640 1326 2676 infra
1346 2646 1560 2676 constanter
1589 2640 1702 2687 scrip-

193 2711 273 2741 tum
292 2704 330 2739 in
348 2703 552 2744 T.C.D.G.,
574 2716 650 2738 non
670 2703 833 2739 Γλαυκίας
854 2710 894 2739 ut
912 2705 1037 2751 vulgo.
1150 2704 1197 2739 ib.
1217 2707 1276 2739 τὸν
1290 2704 1456 2750 ἄρχοντα]
1480 2706 1539 2739 τὸν
1558 2704 1707 2750 ἄρχοντα

197 2769 321 2814 Καρίας
338 2767 432 2803 T.C.
545 2778 604 2814 29.
627 2768 788 2813 ἱκετειῶν]
815 2769 952 2802 ἱκετείας
969 2767 1061 2803 T.C.
1083 2773 1194 2803 recte.

250 2832 289 2867 P.
308 2830 398 2880 696,
417 2829 479 2866 28.
502 2829 520 2874 ἢ
540 2835 623 2876 post
643 2829 814 2875 ψήφισμα
833 2842 906 2864 om.
926 2830 1020 2866 T.C.
